=LDR  00964cam a22002291  4500
=001  21393
=005  20250120120908.0
=008  230303r19801511nl\h||||\||||\00|\0\mul\d
=041  \\$ager$aeng
=100  1\$aSchlick, Arnolt$dfl. 1511-12$4aut$925790
=245  10$aSpiegel der Orgelmacher und Organisten (Mainz 1511)
=260  \\$aBuren$bKnuf$c1980
=300  \\$a39 pages$bfacsimiles
=490  \\$aBibliotheca organologica$v108
=648  \0$a16th Century (1501-1600)$1http://www.wikidata.org/entity/Q7017$920944
=650  \0$aOrganology$1http://www.wikidata.org/entity/Q899293$921400
=650  \0$aOrgan$1http://www.wikidata.org/entity/Q1444$92810
=651  \0$aMainz (Germany)$1http://www.wikidata.org/entity/Q1720$9217
=700  \\$aBerry Barber, Elizabeth$4edt$925791
=942  \\$cBOO
=952  \\$00$10$2ddc$40$6INS_3_000000000000000_1C$70$8INS$922510$aORPH$bORPH$cKTS0$d2020-07-08$eKoopman$i14G07$l0$oINS3.1c$p20126245$r2023-03-03 00:00:00$w2023-03-03$yBOO
=999  \\$d21393

