=LDR  01166cam a2200241u  4500
=001  21394
=008  820115m16091968it\h\\\\\\\\\\000\0\ita\\
=010  \\$a   73558074 
=041  \\$aita
=100  \\$aBanchieri, Adriano$d1568-1634$4aut$1http://www.wikidata.org/entity/Q347804$95930
=245  10$aConclusioni nel suono dell'organo
=260  \\$aBologna$bForni$c1968$c1609
=300  \\$a71 pages$c25 cm
=490  \\$aBibliotheca Musica Bononiensis. Collana diretta da Giuseppe Vecchi dell'Università degli Studi di Bologna$vSezione II. N. 24
=648  \0$a17th Century (1601-1700)$1http://www.wikidata.org/entity/Q7016$920923
=650  \0$aMusic theory$1http://www.wikidata.org/entity/Q193544$92662
=650  \0$aOrganology$1http://www.wikidata.org/entity/Q899293$921400
=650  \0$aOrgan$1http://www.wikidata.org/entity/Q1444$92810
=651  \0$aBologna (Italy)$1http://www.wikidata.org/entity/Q1891$921973
=710  2\$4edt$aArnaldo Forni editore$925792
=942  \\$cBOO
=952  \\$00$10$2ddc$40$6INS_3_000000000000000_1C_BANC$70$8INS$922511$aORPH$bORPH$cKTS0$d2020-07-08$eKoopman$i14D08$l0$oINS3.1c BANC$p20124684$r2023-03-03 00:00:00$w2023-03-03$yBOO
=999  \\$d21394

