=LDR  01378adm a2200253   4500
=001  21403
=008  210503b\\\\\\\\\\\||h|||||||\00|\0\lat\d
=041  \\$alat
=059  \\$a2ch
=100  \\$aGuilmant, Alexandre$d1837-1911$4col$1http://www.wikidata.org/entity/Q350359$96197
=245  \\$aMiserere
=260  \\$as.l.$cs.d.
=300  \\$a24 pages
=500  \\$aIn folder with several pieces of opera arias, vocal church and organ music in ms. (autograph?) collected by or dedicated to Alexandre Guilmant 
=500  \\$aAnonymous Miserere for double choir a capella (incomplete) No. I Miserere - No. II Et Secundum - No. III Amplius No. IV Quoniam iniquitatem - No. V Tibi voli - No. VI Ut justificerus - No. 7 Ecce enim iniquitatem - No. 8 Ecce enim veritatem (incomplete)
=533  \\$aDigitized by iGuana, Spring 2022
=561  \\$aPurchased from Landré, Amsterdam
=648  \0$a19th Century (1801-1900)$1http://www.wikidata.org/entity/Q6955$920935
=650  \0$aChoral music$1http://www.wikidata.org/entity/Q1076513$94368
=650  \0$aMass$1http://www.wikidata.org/entity/Q217295$92735
=650  \0$aReligion$1http://www.wikidata.org/entity/Q9174$93062
=942  \\$cSCO
=952  \\$00$10$2ddc$40$6KTS_1_000000000000000_C2_58_MAP_011S$70$8RAR$922520$aORPH$bORPH$cKTS1_C2$d2020-07-08$eKoopman$l0$oKTS1 C2.58 Map.011s$p20136400s$r2023-03-06 00:00:00$w2023-03-06$ySCO
=999  \\$d21403

