=LDR  01294adm a2200253   4500
=001  21407
=008  210503b\\\\\\\\\\\||l|||||||\00|\0\swe\d
=041  \\$aswe
=059  \\$aorg
=100  \\$aRendahl, Claes Wilhelm$d1848-1926$1http://www.wikidata.org/entity/Q6067892$98737
=245  \\$aIntroduktion & Fuga för Orgel
=260  \\$as.l.$cs.d.
=300  \\$a8 pages
=500  \\$aIn folder with several pieces of opera arias, vocal church and organ music in ms. (autograph?) collected by or dedicated to Alexandre Guilmant
=533  \\$aDigitized by iGuana, Spring 2022
=561  \\$aPurchased from Landré, Amsterdam
=590  \\$aÀ Monsieur Alex. Guilmant Professeur et organiste de la Trinité à Paris , af  C. W. Rendahl Domkyrkorganist i Karlstad
=648  \0$a19th Century (1801-1900)$1http://www.wikidata.org/entity/Q6955$920935
=650  \0$aOrgan music$1http://www.wikidata.org/entity/Q2003283$91951
=650  \0$aFugue$1http://www.wikidata.org/entity/Q181014$93142
=700  \\$4dte$aGuilmant, Alexandre$d1837-1911$1http://www.wikidata.org/entity/Q350359$96197
=942  \\$cSCO
=952  \\$00$10$2ddc$40$6KTS_1_000000000000000_C2_58_MAP_011O$70$8RAR$922524$aORPH$bORPH$cKTS1_C2$d2020-07-08$eKoopman$l0$oKTS1 C2.58 Map.011o$p20136400o$r2023-03-06 00:00:00$w2023-03-06$ySCO
=999  \\$d21407

