=LDR  06985nam a22003497a 4500
=001  21414
=008  230307s2005\\\\fr\hgaf|\||||\00|\0\fre\d
=041  \\$afre$alat
=245  \\$aOrgue. Méthodes - Ouvrages sur la facture - Ouvrages sur le mélange des jeux - Préfaces Extraits d'ouvrages généraux - Dictionnaires et encyclopédies - Cérémonials
=260  \\$aCourlay$bFuzeau$c2005
=300  \\$a5 vols. (221+242+282+285+176 pages)
=490  \\$aMéthodes & Traités
=505  \\$gVol. I: Manière de toucher l'orgue dans toute la propreté et la délicatesse qui est en usage aujourdhuy à Paris (s.d.) / Anonymous -- Harmonie Universelle contenant la theorie et la pratique de la musique (fragment, 1636) / Marin Mersenne -- Livre d'orgue contenant cent pieces de tous les tons de l'eglise (preface, 1665) / G. G. Nivers -- Cérémonial Monastique des religieuses de l'Abbaye Royale de Montmartre lez Paris, ordre de Saint Benoist (fragment, 1669) / P. de Sainte Catherine -- Cæremoniale Parisiense ad usum omnium ecclesiarum collegiatarum, parochialium & aliarum urbis & dioecesis Parisiensis (fragment, 1662) / M. Sonnet -- Hymnes de l'eglise pour toucher sur l'orgue, avec les fugues et recherches sur leur plain-chant (preface, 1624) / J. Titelouze -- Le Magnificat ou Cantique de la Vierge pour toucher sur l'orgue suivant les huit tons de l'eglise (preface, 1626) / J. Titelouze - Traité des instruments (c. 1640) / P. Trichet$gVol. II: Observations sur la Musique, les Musiciens et les Instruments (fragment, 1757) / Ancelet -- Pieces de clavecin (fragment, 1689) / J. H. d'Anglebert -- Cæremoniale Monasticum jussu et auctoritate capituli generalis congregationis Sancti Mauri ordinis S. Benedicti editum (fragment, 1680) / Anonymous -- Ceremonial de Bourges (fragment, 1708) / Anonymous -- Ceremonial du Chœur selon les rites et usages de Clermont (fragment, 1758) / Anonymous -- Mémoire du meslange des jeux de l'orgue de St Etienne de Bourges (fragment, s.d.) / Anonymous -- Meslange Des Jeux de lorgue de leglize de Bourges (fragment, early 18th century) / Anonymous -- Recueil de l'office Senonois en general (fragment, s.d.) / Anonymous -- Mémoire Sur La Construction de l'Orgue (fragment, 1738) / L. Bollioud de Mermet -- Premier livre d'orgue (fragment, 1690) / J. Boyvin -- Second Livre d'Orgue Contenant les Huit Tons a l'Usage de l'Eglise (fragment, 1700) / J. Boyvin -- Pieces d'Orgue sur les 8 Tons ... (fragment, 1695) / L. Chaumont --  Premier Livre d'Orgue (fragment, 1714) / N. Clérambault -- Messe du 8e ton pour l'Orgue (fragment, 1703) / G. Corrette -- Nouveau Livre de Noels avec un Carillon pour le clavecin ou l'orgue (fragment, 1753) / M. Corrette -- Premier Livre d'Orgue (fragment, 1737) / M. Corrette -- VI Concerti a Sei Strumenti (fragment, 1756) / M. Corrette -- Premier Livre de Pieces d'Orgue (fragment, 1739) / J. F. Dandrieu -- Mémoire sur les causes de la voix de l'homme et de ses différens tons (fragment, 1703) / D. Dodart -- Notionnaire ou Mémorial Raisonné de ce qu'il y a d'utile et d'intéressant dans les Conoissances acquises depuis la Création du Monde jusqu'à présent (fragment, 1761) / F. A. P. de Garsault -- Livre de Musique dedie a la tres Ste Vierge (fragment, 1682) / N. Gigault -- Livre de Musique pour L'Orgue (fragment, 1685) / N. Gigault -- Premier Livre d'Orgue (fragment, 1690) / G. Jullien -- Les Pieces d'Orgue composées par N. le Begue ... (preface, 1676) / N. A. Lebegue -- Second Livre d'Orgue ... (fragment, 1678) / N. A. Lebegue -- Mémoire instructif pour faire les Devis, Desseins, Plans, Marchez & Réceptions des Orgues (fragment, 1734) / C. Moucherel -- Dissertation sur le Chant Gregorien (fragment 1683) / G. G. Nivers -- Motets a Voix seule, accompagnee de la Basse Continue ... (fragment, 1689) / G. G. Nivers -- Livre d'Orgue contenant Cinq Messes Suffisantes pour tous les Tons de l'Eglise ... (fragment, 1688) / A. Raison -- Code de Musique Pratique (fragment, 1760) / J.-Ph. Rameau -- Maniere die Register zu cupellieren. Le facteur d'orgue et quisinier pour fasnacht Carnevalle (fragment, s.d.) / K. J. Riepp -- Encyclopedie ou dictionnaire raisonné des sciences (fragment, 1751-72) / D. Diderot & d'Alembert -- Application des Sons Harmoniques a la compositions des Jeux d'Orgues (fragment, 1702) / J. Sauveur$gVol. III: L'Art du facteur d'orgue (texte, 1766-78) / Dom Bédos de Celles$gVol. IV:  Cérémonial de l'Église métropolitaine et primatiale de Sens et du Diocese (fragment, 1769) / Anonymous -- L'Art du facteur d'orgue (planches, 1766-78) / Dom Bédos de Celles -- Pieces d'orgue, Messe en fa majeur (fragment, 1774) / Benaut -- La Tonotechnie ou l'Art de noter les cylindres (fragment, c. 1775) / M. D. J. Engramelle -- Dictionnaire raisonné universel des arts et métiers ... (fragment, 1773) / Ph. Macquer$gVol. V: Théorie pratique de la facture de l'orgue (fragment, 1789) / F. H. Clicquot --  Pieces pour l'Orgue dans un genre nouveau ... (fragment, 1787) / M. Corrette -- Essai sur la musique ancienne et moderne (fragment, 1780) / J. B. de Laborde -- Encyclopédie méthodique (fragment, 1788) -- Mélange des jeux (fragment, late 18th century) / J. A. Silbermann
=648  \0$a17th Century (1601-1700)$1http://www.wikidata.org/entity/Q7016$920923
=648  \0$a18th Century (1701-1800)$1http://www.wikidata.org/entity/Q7015$920899
=650  \0$aHolocaust$1http://www.wikidata.org/entity/Q2763$924535
=650  \0$aOrgan$1http://www.wikidata.org/entity/Q1444$92810
=650  \0$aOrganology$1http://www.wikidata.org/entity/Q899293$921400
=650  \0$aMusic history$1http://www.wikidata.org/entity/Q846047$921373
=650  \0$aManuscript$1http://www.wikidata.org/entity/Q87167$92275
=650  \0$aMethod$1http://www.wikidata.org/entity/Q2250960$921402
=650  \0$aPlainchant$1http://www.wikidata.org/entity/Q2707688$921363
=651  \0$aFrance$1http://www.wikidata.org/entity/Q142$9131
=700  \\$4edt$918782$aSaint-Arroman, Jean
=700  \\$4edt$925810$aTosi, Jean-Christophe
=942  \\$cBOO
=952  \\$00$10$2ddc$3Vol. I$40$6INS_3_000000000000000_1C$70$8INS$922531$aORPH$bORPH$cKTS0$d2020-07-08$eKoopman$i14I39-I$l0$oINS3.1c$p20126257$r2023-03-07 00:00:00$w2023-03-07$yBOO
=952  \\$00$10$2ddc$3Vol. II$40$6INS_3_000000000000000_1C$70$8INS$922532$aORPH$bORPH$cKTS0$d2020-07-08$eKoopman$i14I39-II$l0$oINS3.1c$p20126256$r2023-03-07 00:00:00$w2023-03-07$yBOO
=952  \\$00$10$2ddc$3Vol. III$40$6INS_3_000000000000000_1C$70$8INS$922533$aORPH$bORPH$cKTS0$d2020-07-08$eKoopman$i14I39-III$l0$oINS3.1c$p20126255$r2023-03-07 00:00:00$w2023-03-07$yBOO
=952  \\$00$10$2ddc$3Vol. IV$40$6INS_3_000000000000000_1C$70$8INS$922534$aORPH$bORPH$cKTS0$d2020-07-08$eKoopman$i14I39-IV$l0$oINS3.1c$p20126254$r2023-03-07 00:00:00$w2023-03-07$yBOO
=952  \\$00$10$2ddc$3Vol. V$40$6INS_3_000000000000000_1C$70$8INS$922535$aORPH$bORPH$cKTS0$d2020-07-08$eKoopman$i14I39-V$l0$oINS3.1c$p20126253$r2023-03-07 00:00:00$w2023-03-07$yBOO
=999  \\$d21414

