=LDR  01592aam a2200301   4500
=001  21415
=005  20250926134859.0
=008  220425r18011981nl\hg|||\||||\00|\0\ger\d
=041  \\$ager
=100  \\$aKittel, Johann Christian$d1732-1809$4aut$1http://www.wikidata.org/entity/Q445696$94879
=245  \\$aDer angehende praktische Organist
=260  \\$aErfurt$aBuren$bFrits Knuf$bMaring$c1801$c1981
=300  \\$a70+59+106+96 pages
=490  \\$aBibliotheca Organologica. Facsimiles of books on organ and organbuilding$vVolume LXXII
=500  \\$aKittel is the last living pupil of J. S. Bach and as such a vital source on Bach's performance practice.
=500  \\$aOriginal:

KTS1 C3.27 01E19_01
=600  \0$aBach, Johann Sebastian$d1685-1750$1http://www.wikidata.org/entity/Q1339$94766
=648  \0$a19th Century (1801-1900)$1http://www.wikidata.org/entity/Q6955$920935
=650  \0$aMethod$1http://www.wikidata.org/entity/Q2250960$921402
=650  \0$aOrgan$1http://www.wikidata.org/entity/Q1444$92810
=650  \0$aOrganology$1http://www.wikidata.org/entity/Q899293$921400
=651  \0$aGermany$1http://www.wikidata.org/entity/Q183$9155
=700  \\$4edt$aWilliams, Peter$d1937-2016$915535
=700  \\$4win$aBal, Gerard$925813
=856  \\$uhttps://imslp.org/wiki/Der_angehende_praktische_Organist_(Kittel%2C_Johann_Christian)$3International Music Score Library Project
=942  \\$cBOO
=952  \\$00$10$2ddc$40$6INS_3_000000000000000_1C_KITT$70$8INS$922536$aORPH$bORPH$cKTS0$d2020-07-08$eKoopman$i13A14$l0$oINS3.1c KITT$p20126053$r2023-03-07 00:00:00$w2023-03-07$yBOO
=999  \\$d21415

