=LDR  01543nam a22002777a 4500
=001  21427
=008  210908r18651972nl\h||||\||||\00|\0\fre\d
=041  \\$afre
=100  \\$4aut$aGregoir, Edouard G. J.$d1822-1890$1http://www.wikidata.org/entity/Q3719715$915702
=245  \\$aHistorique de la facture et des facteurs d'orgue avec la Bibliographie Musicale
=246  \1$aHistoire de l'orgue
=260  \\$aAmsterdam$bFrits Knuf$c1865$c1972
=300  \\$a304 pages
=490  \\$aBibliotheca Organologica. Facsimiles of rare books on organs and organbuilding$vVolume XV
=500  \\$aPp. 287-302 are missing, but printed out from a modern text and inserted
=563  \\$aModern binding
=590  \\$aavec la nomenclature des principales orgues placées dans les Pays-Bas et dans les provinces flamandes de la Belgique, suivi de la Galerie biographique d'organistes célèbres et d'une notice sur les maîtres de chapelle et organistes de la cathédrale d'Anvers
=650  \0$aOrgan$1http://www.wikidata.org/entity/Q1444$92810
=650  \0$aOrganist$1http://www.wikidata.org/entity/Q765778$94471
=651  \0$aNetherlands$1http://www.wikidata.org/entity/Q55$9173
=651  \0$aFlanders (Belgium)$1http://www.wikidata.org/entity/Q234$989
=700  \\$4win$913351$aPotvlieghe, Ghislain$d-1936
=700  \\$4edt$aWilliams, Peter$d1937-2016$915535
=942  \\$cBOO
=952  \\$00$10$2ddc$40$6INS_3_000000000000000_1B$70$8INS$922549$aORPH$bORPH$cKTS0$d2020-07-08$eKoopman$i24B21$l0$oINS3.1b$p20128732$r2023-03-10 00:00:00$w2023-03-10$yBOO
=999  \\$d21427

