=LDR  02041acm a2200337   4500
=001  21428
=005  20250925143310.0
=008  230313s1944\\\\|||||l||\||||\00|\0\fre\d
=041  \\$ager$dlat
=059  \\$a2sop ten bar pf/org
=100  \\$aScarlatti, Alessandro$d1660-1725$4cmp$1http://www.wikidata.org/entity/Q183087$913800
=240  \\$aIl martirio di Sant'Orsola
=245  \\$aLe Martyre de Sainte Ursule$bOratorio inédit, reconstrué par Ennemond Trillat
=260  \\$aLyon$bBéal$c1944
=300  \\$a17 pages$binserted booklet 18 pages
=500  \\$akeyboard reduction of 6 airs and a duet
=500  \\$aprobably first performed ca.1695-1700 in Rome
=500  \\$aFull manuscript score and its separate parts for 5 voices (SSATB), female chorus (SSA), orchestra (trumpet, strings, lute, continuo) are preserved in the Bibliothèque Municipale de Lyon. It was copied for the Académie des Beaux-arts de Lyon, to which it belonged, probably by amateurs bringing back numerous works from their transalpine travels, as shown by the importance of Italian music in the Lyon collections.
=500  \\$aReconstitution and realisation by Trillat made in 1935
=500  \\$ainserted booklet containing full libretto of the complete Oratorio.
=648  \0$a18th Century (1701-1800)$1http://www.wikidata.org/entity/Q7015$920899
=648  \0$a20th Century (1901-2000)$1http://www.wikidata.org/entity/Q6927$920936
=650  \0$aVocal music$1http://www.wikidata.org/entity/Q685884$93319
=650  \0$aKeyboard music$1http://www.wikidata.org/entity/Q105715630$921412
=650  \0$aReligion$1http://www.wikidata.org/entity/Q9174$93062
=650  \0$aOratorio$1http://www.wikidata.org/entity/Q85477$91825
=650  \0$aFemale$1http://www.wikidata.org/entity/Q6581072$921764
=700  \\$4edt$aTrillat, Ennemond$925840
=942  \\$cSCO
=952  \\$00$10$2ddc$40$6KTS_1_000000000000000_C2_60_MAP_021G$70$8RAR$922550$aORPH$bORPH$cKTS1_C2$d2020-07-08$eKoopman$l0$oKTS1 C2.60 Map.021g$p20140284g$r2023-03-13 00:00:00$w2023-03-13$ySCO
=999  \\$d21428

