=LDR  01890acm a2200349   4500
=001  21433
=008  230313s1787\\\\|||||l||\||||\00|\0\mul\d
=041  \\$aita$afre
=059  \\$ahpd/pf
=100  \\$aKozeluch, Leopold$d1747-1818$1http://www.wikidata.org/entity/Q693843$94782
=240  \\$aLa Chasse in F Major, Hob. XIII:2
=245  \\$aLa Chasse$bpour le Clavecin ou Forte Piano Œuvre V
=246  \1$aLa Caccia per Piano Forte
=260  \\$aVienna$bArtaria$c1787
=300  \\$a15 pages$coblong 22x33 cm$bglued colored background and engraving on front cover
=500  \\$aPlate no. 16
=500  \\$aManuscript dedication in ink on title page "Per uso di Ariana da Filicaja" who could have been an amateur musician and member of the noble Tuscan family 'da Filicaja', of ancient Roman origins, from Pontassieve (province of Florence, Italy).
=500  \\$aOriginal Artaria publication (french title) bound in a separate cover (italian title)
=534  \\$aComposed in 1781
=590  \\$aNo 24
=648  \0$a18th Century (1701-1800)$1http://www.wikidata.org/entity/Q7015$920899
=650  \0$aKeyboard music$1http://www.wikidata.org/entity/Q105715630$921412
=650  \0$aSonata$1http://www.wikidata.org/entity/Q131269$921653
=650  \0$aFreedom$1http://www.wikidata.org/entity/Q310735$923033
=650  \0$aHarpsichord$1http://www.wikidata.org/entity/Q81982$92125
=650  \0$aPiano$1http://www.wikidata.org/entity/Q5994$92127
=650  \0$aHunting$1http://www.wikidata.org/entity/Q36963$924959
=651  \0$aVienna (Austria)$1http://www.wikidata.org/entity/Q1741$920937
=856  \\$uhttps://gallica.bnf.fr/view3if/ga/ark:/12148/btv1b9083260d$3IIIF
=942  \\$cSCO
=952  \\$00$10$2ddc$40$6KTS_1_000000000000000_C2_60_MAP_022K$70$8RAR$922555$aORPH$bORPH$cKTS1_C2$d2020-07-08$eKoopman$l0$oKTS1 C2.60 Map.022k$p20140285k$r2023-03-14 00:00:00$w2023-03-14$ySCO
=999  \\$d21433

