=LDR  01299acm a2200253   4500
=001  21434
=008  230313s1800\\\\|||||l||\||||\00|\0\fre\d
=041  \\$afre
=059  \\$ahpd/pf
=100  \\$aHermann, Jean-David$dc.1760-1846$925847
=245  \\$aLa Cocquette$bMorceau détaché pour le Piano Forte ou Clavecin
=260  \\$aParis$bHermann
=300  \\$a7 pages$coblong 26x34 cm
=500  \\$aJean-David Hermann, born in the Holy Roman Empire around 1760 and died in Paris in 1846, was a German piano teacher and composer.
=500  \\$aFirst published as "La Coquette, sonate détachée"  by Leduc c. 1800
=590  \\$aGrave par Mme Oger
=648  \0$a18th Century (1701-1800)$1http://www.wikidata.org/entity/Q7015$920899
=650  \0$aKeyboard music$1http://www.wikidata.org/entity/Q105715630$921412
=651  \0$aParis (France)$1http://www.wikidata.org/entity/Q90$9160
=856  \\$uhttps://imslp.org/wiki/La_chasse%2C_Op.5_(Kozeluch%2C_Leopold)$3International Music Score Library Project
=856  \\$uhttps://gallica.bnf.fr/view3if/ga/ark:/12148/bpt6k45001433$3Gallica
=942  \\$cSCO
=952  \\$00$10$2ddc$40$6KTS_1_000000000000000_C2_60_MAP_022L$70$8RAR$922556$aORPH$bORPH$cKTS1_C2$d2020-07-08$eKoopman$l0$oKTS1 C2.60 Map.022l$p20140285l$r2023-03-14 00:00:00$w2023-03-14$ySCO
=999  \\$d21434

