=LDR  01368acm a2200265   4500
=001  21435
=008  230313s1785\\\\|||||le|\||||\00|\0\fre\d
=041  \\$afre
=059  \\$ahpd/pf (vl)
=100  \\$aHermann, Jean-David$dc.1760-1846$925847
=245  \\$aTrois Sonates Pour e Piano Forte ou le Clavecin  Op. 1$bDédiées a Madame de Kolly
=260  \\$aParis$bHermann$c1785
=300  \\$a20-5 pages
=500  \\$aJean-David Hermann, born in the Holy Roman Empire around 1760 and died in Paris in 1846, was a German piano teacher and composer.
=500  \\$aincluding the ad libitum violin part for sonata 2 & 3
=590  \\$aL'accompagnement de Violon ad libitum exepté pour le dernier Morceau
=648  \0$a18th Century (1701-1800)$1http://www.wikidata.org/entity/Q7015$920899
=650  \0$aKeyboard music$1http://www.wikidata.org/entity/Q105715630$921412
=650  \0$aSonata$1http://www.wikidata.org/entity/Q131269$921653
=650  \0$aFreedom$1http://www.wikidata.org/entity/Q310735$923033
=651  \0$aParis (France)$1http://www.wikidata.org/entity/Q90$9160
=856  \\$uhttps://gallica.bnf.fr/view3if/ga/ark:/12148/btv1b52000305b$3IIIF
=942  \\$cSCO
=952  \\$00$10$2ddc$40$6KTS_1_000000000000000_C2_60_MAP_022M$70$8RAR$922557$aORPH$bORPH$cKTS1_C2$d2020-07-08$eKoopman$l0$oKTS1 C2.60 Map.022m$p20140285m$r2023-03-14 00:00:00$w2023-03-14$ySCO
=999  \\$d21435

