=LDR  00804nam a22001937a 4500
=001  21436
=008  230314m18331977it\ahg||\||||\00|\0\ita\d
=041  \\$aita
=100  1\$4aut$aCalvi, Gian Pietro$925848
=245  \\$aIstruzioni teorico-pratiche per l'organo
=260  \\$aBologna$bLuigi Bertuzzi$bForni Editore$c1833$c1977
=300  \\$a33 pages
=490  \\$aBibliotheca Musica Bononiensis$vSessione IV n. 211
=650  \0$aOrgan$1http://www.wikidata.org/entity/Q1444$92810
=650  \0$aMethod$1http://www.wikidata.org/entity/Q2250960$921402
=710  \\$4edt$922597$aBibliotheca Musica Bononiensis
=942  \\$cBOO
=952  \\$00$10$2ddc$40$6INS_3_000000000000000_1C_CALV$70$8INS$922558$aORPH$bORPH$cKTS0$d2020-07-08$eKoopman$i13G57$l0$oINS3.1c CALV$p20124892$r2023-03-14 00:00:00$w2023-03-14$yBOO
=999  \\$d21436

