=LDR  00889nam a22002057a 4500
=001  21437
=008  230314m16901972nl\ah|||\||||\00|\0\ger\d
=041  \\$ager
=100  \\$4aut$aBendeler, Johann Philipp$1http://www.wikidata.org/entity/Q1695848$97113
=245  \\$aOrganopoeia
=260  \\$aAmsterdam$bFrits Knuf$c1690$c1972
=300  \\$a57 pages
=490  \\$aBibliotheca Organologica. Facsimiles of rare books on organs and organbuilding$vVolume XXVIII
=650  \0$aOrgan$1http://www.wikidata.org/entity/Q1444$92810
=650  \0$aOrganology$1http://www.wikidata.org/entity/Q899293$921400
=700  \\$4edt$aWilliams, Peter$d1937-2016$915535
=700  \\$4edt$aBruhin, Rudolf$923555
=942  \\$cBOO
=952  \\$00$10$2ddc$40$6INS_3_000000000000000_1C_BEND$70$8INS$922559$aORPH$bORPH$cKTS0$d2020-07-08$eKoopman$i14C53$l0$oINS3.1c BEND$p20126159$r2023-03-14 00:00:00$w2023-03-14$yBOO
=999  \\$d21437

