=LDR  00856acm a2200205   4500
=001  21438
=005  20250925143310.0
=008  230313s1952\\\\|||||l||\||||\00|\0\fre\d
=041  \\$ager$dlat
=059  \\$aorg
=100  \\$aTrillat, Ennemond$4cmp
=245  \\$aPassacaille pour orgue$ben mémoire de Louis Vierne, registration de Marcel Pehu
=260  \\$aLyon$bBéal$c1952
=300  \\$a3 pages
=500  \\$aDedication "pour Anne Marie Belrue avec le profond affection de .... 1963"
=648  \0$a20th Century (1901-2000)$1http://www.wikidata.org/entity/Q6927$920936
=650  \0$aOrgan music$1http://www.wikidata.org/entity/Q2003283$91951
=942  \\$cSCO
=952  \\$00$10$2ddc$40$6KTS_1_000000000000000_C2_60_MAP_023J$70$8RAR$922560$aORPH$bORPH$cKTS1_C2$d2020-07-08$eKoopman$l0$oKTS1 C2.60 Map.023j$p20140286j$r2023-03-14 00:00:00$w2023-03-14$ySCO
=999  \\$d21438

