=LDR  01297nam a22002177a 4500
=001  21439
=008  230314r17981989gw\hgaf|\||||\00|\0\ger\d
=041  \\$ager
=100  \\$4aut$aKnecht, Justin Heinrich$d1752-1817$1http://www.wikidata.org/entity/Q882109$95089
=245  \\$aVollständige Orgelschule für Anfänger und Geübtere
=260  \\$aWiesbaden$bBreitkopf & Härtel$c1798$c1989
=300  \\$a3 volls (86+196+201 pages)
=648  \0$a18th Century (1701-1800)$1http://www.wikidata.org/entity/Q7015$920899
=650  \0$aOrgan$1http://www.wikidata.org/entity/Q1444$92810
=650  \0$aMethod$1http://www.wikidata.org/entity/Q2250960$921402
=700  \\$4edt$aLadenburger, Michael$916202
=942  \\$cBOO
=952  \\$00$10$2ddc$3Volume I$40$6INS_3_000000000000000_1C_KNEC$70$8INS$922561$aORPH$bORPH$cKTS0$d2020-07-08$eKoopman$i14I23$l0$oINS3.1c KNEC$p20126273$r2023-03-14 00:00:00$w2023-03-14$yBOO
=952  \\$00$10$2ddc$3Volume II$40$6INS_3_000000000000000_1C_KNEC$70$8INS$922562$aORPH$bORPH$cKTS0$d2020-07-08$eKoopman$i14I24$l0$oINS3.1c KNEC$p20126272$r2023-03-14 00:00:00$w2023-03-14$yBOO
=952  \\$00$10$2ddc$3Volume III$40$6INS_3_000000000000000_1C_KNEC$70$8INS$922563$aORPH$bORPH$cKTS0$d2020-07-08$eKoopman$i14I24$l0$oINS3.1c KNEC$p20126271$r2023-03-14 00:00:00$w2023-03-14$yBOO
=999  \\$d21439

