=LDR  00814nam a22001937a 4500
=001  21440
=008  230314s1988\\\\gw\a||||\||||\00|\0\ger\d
=041  \\$ager
=100  \\$4edt$aThom, Eitelfriedrich$920417
=245  \\$aOrgeltemperatur. Ein Beitrag zum Problem der Rekonstruktion historischer Stimmungsarten bei Orgelrestaur
=260  \\$aDresden$bMichaelstein$c1988
=300  \\$a148 pages
=650  \0$aOrgan$1http://www.wikidata.org/entity/Q1444$92810
=650  \0$aOrganology$1http://www.wikidata.org/entity/Q899293$921400
=700  \\$aWegscheider, Kristian$4ctb$922939
=700  \\$aSchütz, Hartmut$4ctb$926627
=942  \\$cBOO
=952  \\$00$10$2ddc$40$6INS_3_000000000000000_1B$70$8INS$922564$aORPH$bORPH$cKTS0$d2020-07-08$eKoopman$iTS Mich. $l0$oINS3.1b$p20129539$r2023-03-14 00:00:00$w2023-03-14$yBOO
=999  \\$d21440

