=LDR  01414aad a2200229   4500
=001  21442
=008  230322s1758\\\\|||\||||\||||\00|\0\por\d
=041  \\$apor
=245  \\$aEu el Rey ...$b[assignment and regulations for rebuilding and reconstruction work in Lisbon]
=260  \\$aLisbon$bs.n.$c1758
=300  \\$a8 pages$btaken out of a binding with more pages
=500  \\$aRegulations / permission [?] for rebuilding certain Bairros (neighbourhoods) in Lisbon, after the earthquake of 1755 had destroyed large parts of the city.
=500  \\$aNames under this doucment: Joaquim Joseph Borralho, Manoel Gomes de Carvalho, Dom Sebastiao Maldonado, Antonio Joseph de Moura, Antobio Joseph Galvao.
=501  \\$aIn a folder with another Portugese document in the same format: Avizo (1759)
=648  \0$a18th Century (1701-1800)$1http://www.wikidata.org/entity/Q7015$920899
=650  \0$aEarthquake$1http://www.wikidata.org/entity/Q7944$924226
=651  \0$aLisbon (Portugal)$1http://www.wikidata.org/entity/Q597$9249
=700  \\$4aut$aCarvalho e Melo, Sebastiao José de $c1st Marquis of Pombal$d1699-1782$1http://www.wikidata.org/entity/Q319511$925905
=773  \\$04951$tAvizo$w4951
=942  \\$cBOO
=952  \\$00$10$2ddc$40$6KTS_1_000000000000000_C2_60_MAP_025E$70$8RAR$922572$aORPH$bORPH$cKTS1_C2$d2020-07-08$eKoopman$iMap.025e$l0$oKTS1 C2.60 Map.025e$p20140295e2$r2023-03-22 00:00:00$w2023-03-22$yBOO
=999  \\$d21442

