=LDR  00777ncm a22001937a 4500
=001  21443
=008  230323r19891731|||||l||\||||\00|\0\fre\d
=041  \\$afre
=059  \\$ahpd
=100  1\$4cmp$aDornel, Antoine$dc. 1685-1765$1http://www.wikidata.org/entity/Q614957$925913
=245  \\$aPieces de Clavecin
=260  \\$aUtrecht$bKrevelen$c1989
=300  \\$a[i]-39-[iv] pages
=490  \\$aMusica Repartita$v8
=534  \\$cParis, chez l'auteur, 1731.
=590  \\$aPieces de Clavecin du Sr Dornel. Maître de Musique du Roy pour son Academie Françoise, Et Organiste de Sainte Genevieve
=942  \\$cSCO
=952  \\$00$10$2ddc$40$6SCO_DOR$70$8SCO$922573$aORPH$bORPH$cKTS1_P$d2020-07-08$eKoopman$i13F37$l1$oSCO DOR$p20124361$r2023-04-17 00:00:00$s2023-03-23$w2023-03-23$ySCO
=999  \\$d21443

