=LDR  01494nam a22002057a 4500
=001  21444
=008  230323m16911713||||||||\||||\00|\0\ger\d
=041  \\$ager
=245  \\$aMarch-Reglement$b[collection of documents]
=260  \\$aSpeyer$aAnnaburg$aBerlin$c1691$c1711$c1713
=300  \\$a5 vols (3+4+2+4+26 pages)
=500  \\$aA set of 5 printed documents setting rules and regulations for military groups on the road, including forms to fill out by their leaders. 
=505  \\$g1. Formular Von einer March-ROute und Liquidation, Wie dieselbe Von denen Commissarien eingerichtet werden müssen.
2. March Reglement. Eugenio von Savoy, Haupt-Quartier Speyer / den 4. November 1711
3. Monatliche Liste Von des ... regiment [printed muster roll, empty]
4. Anderweites March-Reglement. Johann Georg, Annaburg /  den 28. Martii Anno 1691.
5. Königlich-Preußisches March-Reglement, Sambt einer Declaration über den 5. 6. und 7. Punct, Berlin / den 2. Jan. 1714. 
=648  \0$a17th Century (1601-1700)$1http://www.wikidata.org/entity/Q7016$920923
=648  \0$a18th Century (1701-1800)$1http://www.wikidata.org/entity/Q7015$920899
=650  \0$aMilitary history$1http://www.wikidata.org/entity/Q192781$93874
=651  \0$aGermany$1http://www.wikidata.org/entity/Q183$9155
=942  \\$cBOO
=952  \\$00$10$2ddc$40$6KTS_1_000000000000000_C2_60_MAP_025K$70$8RAR$922575$aORPH$bORPH$cKTS1_C2$d2020-07-08$eKoopman$iMap.025k$l0$oKTS1 C2.60 Map.025k$p20140295k$r2023-03-23 00:00:00$w2023-03-23$yBOO
=999  \\$d21444

