=LDR  01166ntc a22002297a 4500
=001  21448
=008  230323m17001775||||||||\||||\00|\0\fre\d
=041  \\$afre
=245  \\$a[set of 4 manuscript legal documents]$bAujourdhuy ...
=260  \\$aLa Rochelle
=300  \\$a4 vols (8+4+4+4 pages)
=500  \\$aAll four documents have a stamp of La Rochelle or Gen. de la Rochelle
=500  \\$aWritten in four different hands.
=500  \\$aFirst document dates from 1700, the last from 1775, the others in between.
=500  \\$aThe first document has an appendix attached with a metal pin, signed by several others.
The fourth document is a petition addressed to a judge. 
=648  \0$a18th Century (1701-1800)$1http://www.wikidata.org/entity/Q7015$920899
=650  \0$aLaw$1http://www.wikidata.org/entity/Q7748$93727
=650  \0$aLawyer$1http://www.wikidata.org/entity/Q40348$923066
=651  \0$aFrance$1http://www.wikidata.org/entity/Q142$9131
=942  \\$cMS
=952  \\$00$10$2ddc$40$6KTS_1_000000000000000_C2_60_MAP_29$70$8RAR$922579$aORPH$bORPH$cKTS1_C2$d2020-07-08$eKoopman$iMap.029$l0$oKTS1 C2.60 Map.29$p20140301$r2023-03-23 00:00:00$w2023-03-23$yMS
=999  \\$d21448

