=LDR  01167nam a22002777a 4500
=001  21452
=008  230323s2008\\\\|||a||||\||||\00|\0\dut\d
=020  \\$a9789057305573
=041  \\$adut
=245  \\$aDe dominee met het stenen hart$ben andere overzeese briefgeheimen
=260  \\$aZutphen$bWalburg Pers$c2008
=300  \\$a144 pages$eDVD
=490  \\$aSailing Letters Journaal$vI
=504  \\$aIncludes a register of names
=648  \0$a17th Century (1601-1700)$1http://www.wikidata.org/entity/Q7016$920923
=648  \0$a18th Century (1701-1800)$1http://www.wikidata.org/entity/Q7015$920899
=650  \0$aMaritime transport$1http://www.wikidata.org/entity/Q155930$924925
=650  \0$aCorrespondence$1http://www.wikidata.org/entity/Q1784733$921392
=651  \0$aNetherlands$1http://www.wikidata.org/entity/Q55$9173
=700  \\$4edt$925923$aDoe, Erik van der
=700  \\$4edt$aMoree, Perry$925924
=700  \\$4edt$aTang, Dirk J.$925925
=700  \\$4ctb$925926$aBode, Peter de
=942  \\$cBOO
=952  \\$00$10$2ddc$40$6HUM_DOE$70$8HUM$922583$aORPH$bORPH$cKM12_1$d2020-07-08$eKoopman$iTS$l0$oHUM DOE$p20131446$r2023-03-23 00:00:00$w2023-03-23$yBOO
=999  \\$d21452

