=LDR  01326nam a22003017a 4500
=001  21453
=008  230323s2009\\\\|||a||||\||||\00|\0\dut\d
=020  \\$a9789057305986
=041  \\$adut
=245  \\$aDe smeekbede van een oude slavin$ben andere verhalen uit de West
=260  \\$aZutphen$bWalburg Pers$c2009
=300  \\$a144 pages$eDVD
=490  \\$aSailing Letters Journaal$vII
=504  \\$aIncludes a register of names
=648  \0$a17th Century (1601-1700)$1http://www.wikidata.org/entity/Q7016$920923
=648  \0$a18th Century (1701-1800)$1http://www.wikidata.org/entity/Q7015$920899
=648  \0$a19th Century (1801-1900)$1http://www.wikidata.org/entity/Q6955$920935
=650  \0$aMaritime transport$1http://www.wikidata.org/entity/Q155930$924925
=650  \0$aCorrespondence$1http://www.wikidata.org/entity/Q1784733$921392
=650  \0$aColonialism$1http://www.wikidata.org/entity/Q7167$925026
=651  \0$aNetherlands$1http://www.wikidata.org/entity/Q55$9173
=700  \\$4edt$925923$aDoe, Erik van der
=700  \\$4edt$aMoree, Perry$925924
=700  \\$4edt$aTang, Dirk J.$925925
=700  \\$4ctb$925926$aBode, Peter de
=942  \\$cBOO
=952  \\$00$10$2ddc$40$6HUM_DOE$70$8HUM$922584$aORPH$bORPH$cKM12_1$d2020-07-08$eKoopman$iTS$l0$oHUM DOE$p20132088$r2023-03-23 00:00:00$w2023-03-23$yBOO
=999  \\$d21453

