=LDR  01138nam a22002777a 4500
=001  21454
=008  230323s2010\\\\|||a||||\||||\00|\0\dut\d
=020  \\$a9789057305986
=041  \\$adut
=100  \\$4edt$915388$aWal, Marijke van der
=245  \\$aDe voortvarende zeemansvrouw:$bOpenhartige brieven aan geliefden op zee
=260  \\$aZutphen$bWalburg Pers$c2010
=300  \\$a160 pages$eDVD
=490  \\$aSailing Letters Journaal$vIII
=504  \\$aIncludes a register of names
=648  \0$a18th Century (1701-1800)$1http://www.wikidata.org/entity/Q7015$920899
=650  \0$aMaritime transport$1http://www.wikidata.org/entity/Q155930$924925
=650  \0$aCorrespondence$1http://www.wikidata.org/entity/Q1784733$921392
=651  \0$aNetherlands$1http://www.wikidata.org/entity/Q55$9173
=700  \\$4edt$925923$aDoe, Erik van der
=700  \\$4edt$aMoree, Perry$925924
=700  \\$4edt$aTang, Dirk J.$925925
=700  \\$4ctb$925926$aBode, Peter de
=942  \\$cBOO
=952  \\$00$10$2ddc$40$6HUM_DOE$70$8HUM$922585$aORPH$bORPH$cKM12_1$d2020-07-08$eKoopman$iTS$l0$oHUM DOE$p20132089$r2023-03-23 00:00:00$w2023-03-23$yBOO
=999  \\$d21454

