=LDR  00924ncm a22001937a 4500
=001  21457
=008  230323r1996\\\\|||||k||\||||\00|\0\dut\d
=041  \\$adut
=245  \\$aSpeelmansboek uit Maastricht:$bTongeren, O.-L.-Vrouwebasiliek, bibliotheek hs.81
=260  \\$aPeer$bAlamire$c1996
=648  \0$a17th Century (1601-1700)$1http://www.wikidata.org/entity/Q7016$920923
=650  \0$aInstrumental music$1http://www.wikidata.org/entity/Q639197$92106
=650  \0$aDance$1http://www.wikidata.org/entity/Q6034$924845
=651  \0$aMaastricht (Netherlands)$1http://www.wikidata.org/entity/Q1309$921732
=700  \\$4edt$aHuybens, Gilbert$d1949-$1http://www.wikidata.org/entity/Q64706420$920629
=700  \\$4edt$aSchreurs, Eugeen$915924
=942  \\$cSCO
=952  \\$00$10$2ddc$40$6SCO_MISC_HUYB$70$8SCO$922588$aORPH$bORPH$cKTS1_H$d2020-07-08$eKoopman$i14B35$l0$oSCO MISC HUYB$p20124607$r2023-03-23 00:00:00$w2023-03-23$ySCO
=999  \\$d21457

