=LDR  01008ncm a22002417a 4500
=001  21458
=008  230328s1992\\\\||||||||\||||\00|\0\ger\d
=020  \\$a3888200156
=041  \\$ager
=059  \\$avn bc
=100  \\$4cmp$aMuffat, Georg$d1653-1704$1http://www.wikidata.org/entity/Q170401$97221
=245  \\$aSonata violino solo, Prag 1677
=260  \\$aBad Reichenhall$bComes Verlag$c1992
=300  \\$a12 pages
=490  \\$aDenkmäler der Musik in Salzburg$v4
=648  \0$a17th Century (1601-1700)$1http://www.wikidata.org/entity/Q7016$920923
=650  \0$aSonata$1http://www.wikidata.org/entity/Q131269$921653
=650  \0$aBasso continuo$1http://www.wikidata.org/entity/Q724321$921065
=651  \0$aPrague (Czech Republic)$1http://www.wikidata.org/entity/Q1085$923092
=700  \\$4edt$aSehnal, Jiří$d1931-$912765
=942  \\$cSCO
=952  \\$00$10$2ddc$40$6SCO_MUFF$70$8SCO$922596$aORPH$bORPH$cKTS1_P$d2020-07-08$eKoopman$i13E86$l0$oSCO MUFF$p20121946$r2023-03-28 00:00:00$w2023-03-28$ySCO
=999  \\$d21458

