=LDR  01559acm a2200229   4500
=001  21476
=008  230331b\\\\\\\\|||||l||\||||\00|\0\ger\d
=041  \\$ager
=059  \\$aorg
=100  \\$aRinck, Christian Heinrich$d1770-1846$4cmp$1http://www.wikidata.org/entity/Q559451$96535
=245  \\$a12 Choralvorspiele
=260  \\$aFraneker$bKoksma$cs.d.
=300  \\$a9 pages
=490  \\$vno. 601
=500  \\$aMissing the title page and first page
=501  \\$aBound in with Christian Heinrich Rinck’s ‘12 Orgelstücke op. 8’, ‘12 Orgelstücke op. 12’, ‘12 leichte Orgel-Präludien op. 52’, Julius André’s ‘Sechs Vor- und Nachspiele verschiedenen Characters für die Orgel op. 15’, Willem Julien Lodewijk Merkes van Gendt’s ‘Fantaisie pour orgue ou harmonium op. 30’, a.o. Christian Heinrich Rinck’s ‘De practische organist vols. 1-2, Christian Heinrich Rinck’s 24 leichte Orgelpraeludien op. 65, Joseph Callaerts’ ‘Andante voor het Orgel zonder pedaal’, a.o. Christian Heinrich Rinck’s ‘De practische organist vol. 3, Christian Heinrich Rinck’s ‘Practische Orgelschule op. 55 vols. II-IV & VI’
=648  \0$a19th Century (1801-1900)$1http://www.wikidata.org/entity/Q6955$920935
=650  \0$aOrgan music$1http://www.wikidata.org/entity/Q2003283$91951
=773  \\$021480$tPieces for Organ$w21480
=942  \\$cSCO
=952  \\$00$10$2ddc$40$6KTS_1_000000000000000_C3_02_08G43D$70$8RAR$922615$aORPH$bORPH$cKTS1_C3$d2020-07-08$eKoopman$l0$oKTS1 C3.02 08G43d$p20140382d$r2023-04-03 00:00:00$w2023-04-03$ySCO
=999  \\$d21476

