=LDR  01420ncm a22002657a 4500
=001  21493
=008  230419s1984\\\\|||||le|\||||\00|\0\eng\d
=041  \\$aeng
=059  \\$ahpd/org 2vn vla bc
=100  \\$1http://www.wikidata.org/entity/Q726286$4cmp$aStanley, John$d1712-1786$94965
=245  \\$aSix Concertos Set for the Harpsichord or Organ$bOp.2
=260  \\$aRotterdam$bMusica Antica$bAccardi$c1974
=300  \\$a32-[i]+4+4+4+4 pages$bcomplete keyboard part with separate string parts for concertos IV and V
=490  \\$aBiblioteca Classica: Documents of Keyboard Music History 1750-1850$vVol. 96
=500  \\$aFacsimile editiion
=500  \\$aJohn Stanley was a blind organist
=534  \\$cLondon: Walsh, c. 1745
=590  \\$aCompos'd by Mr. John Stanley Organist of the Temple and St. Andrews. N.B. The 1st & 2nd Repienos, Tenor, & Basso Repieno of His Violin Concertos are the Instrumental Parts to the above
=648  \0$1http://www.wikidata.org/entity/Q7015$a18th Century (1701-1800)$920899
=650  \0$aOrgan$1http://www.wikidata.org/entity/Q1444$92810
=650  \0$aHarpsichord$1http://www.wikidata.org/entity/Q81982$92125
=651  \0$1http://www.wikidata.org/entity/Q84$aLondon (United Kingdom)$9123
=942  \\$cSCO
=952  \\$00$10$2ddc$40$6SCO_STAN$70$8SCO$922640$aORPH$bORPH$cKTS1_P$d2020-07-08$eKoopman$i13E10$l1$oSCO STAN$p20124464$r2023-10-05 00:00:00$s2023-04-19$w2023-04-19$ySCO
=999  \\$d21493

