=LDR  01271acm a2200205   4500
=001  21530
=008  230515b\\\\\\\\|||||le|\||||\00|\0\fre\d
=041  \\$afre
=059  \\$a2vn vla
=100  \\$aHaydn, Joseph$d1732-1809$4cmp$1http://www.wikidata.org/entity/Q7349$94783
=240  \\$aop. 100
=245  \\$aDeux quatuors pour deux violons, alto & violoncelle
=260  \\$aBonn$bSimrock
=500  \\$aVc part is missing
=501  \\$aBound in with Haydn's Six quatuors concertants. À deux violons viola et violoncello op. 16, Trois quatuors pour deux violons taille et violoncelle op. 45, Trois quatuors pour deux violons taille et violoncelle op. 46, Trois quatuors pour deux violons taille et violoncelle op. 38, Deux quatuors pour deux violons, alto & violoncelle op. 51, Trois quatuors pour deux violons alto & violoncelle op. 74, Trois quatuors pour deux violons, alto & violoncelle op. 97
=590  \\$acomposés & dédiés à son Altesse Monseigneur le Prince Regnant de Lobkowitz
=650  \0$aString quartet$1http://www.wikidata.org/entity/Q207338$94110
=942  \\$cSCO
=952  \\$00$10$2ddc$40$6KTS_1_000000000000000_C3_11_09L04AC_08$70$8RAR$922722$aORPH$bORPH$cKTS1_C3$d2020-07-08$eKoopman$l0$oKTS1 C3.11 09L04a-c_08$r2023-05-15 00:00:00$w2023-05-15$ySCO
=999  \\$d21530

