=LDR  01417nsm a22002057a 4500
=001  21550
=008  230606b\\\\\\\\|||||le|\||||\00|\0\fre\d
=041  \\$afre
=059  \\$ahpd
=100  \\$4cmp$aSchobert, Johann$d1720-1767$95141
=245  \\$a[Music for Harpsichord]
=260  \\$bParis
=505  \\$gConcerto pour le clavecin, Avec accompagnement de deux violons, deux cors de chasse ad libitum, alto et basse. op. 11 -- Concerto II pour le clavecin. Avec accompagnement de deux violons, deux oboe, deux cors de chasse ad libitum, alto et basse op. 12 -- Concerto III pastorale pour le clavecin avec accompagnement de deux violons, deux cors de chasse ad libitum, alto et basse op. 13 -- Six sonates pour le clavecin op. 14 -- Concerto IV pour le clavecin. Avec accompagnement de deux violons, deux cors de chasse ad libitum, alto et basse op. 15 -- Quatre trio pour le clavecin, violon et basse op. 16
=648  \0$1http://www.wikidata.org/entity/Q7015$a18th Century (1701-1800)$920899
=650  \0$1http://www.wikidata.org/entity/Q639197$aInstrumental music$92106
=650  \0$1http://www.wikidata.org/entity/Q81982$aHarpsichord$92125
=651  \0$1http://www.wikidata.org/entity/Q90$aParis (France)$9160
=942  \\$cSCO
=952  \\$00$10$2ddc$40$6KTS_1_000000000000000_C3_14_16E16$70$8RAR$922760$aORPH$bORPH$cKTS1_C3$d2020-07-08$eKoopman$l0$oKTS1 C3.14 16E16$p20145406$r2023-06-06 00:00:00$w2023-06-06$ySCO
=999  \\$d21550

