=LDR  01125nam a22002057a 4500
=001  21555
=008  230615r17551968nl\hfa||\||||\00|\0\dut\d
=041  \\$adut
=100  \\$1http://www.wikidata.org/entity/Q61162$4aut$aWerckmeister, Andreas$d1645-1706$94936
=245  \\$aOrgelproef of Naauwkeurige Beschryving van 't geene, dat er voor het aanbesteeden van nieuwe, en, te renoveerene oude, Orgels nodig diene te worden in acht genomen
=260  \\$aAmsterdam$aBaarn$bNederlandse Normaaldrukkerij N.V.$c1968
=300  \\$a146 pages
=648  \0$1http://www.wikidata.org/entity/Q7015$a18th Century (1701-1800)$920899
=650  \0$1http://www.wikidata.org/entity/Q2250960$aMethod$921402
=650  \0$1http://www.wikidata.org/entity/Q55073971$aTemperament$921656
=650  \0$1http://www.wikidata.org/entity/Q1444$aOrgan$92810
=700  \\$1http://www.wikidata.org/entity/Q1677671$4dte$aLustig, Jacob Wilhelm$d1706-1796$95820
=942  \\$cBOO
=952  \\$00$10$2ddc$40$6INS_3_000000000000000_1C_WERK$70$8INS$922769$aORPH$bORPH$cKTS0$d2020-07-08$eKoopman$i13H28$l0$oINS3.1c WERK$p20124961$r2023-06-15 00:00:00$w2023-06-15$yBOO
=999  \\$d21555

