=LDR  01265nam a22002297a 4500
=001  21556
=008  230615r16981970gw\h||||\||||\00|\0\ger\d
=041  \\$ager
=100  \\$1http://www.wikidata.org/entity/Q61162$4aut$aWerckmeister, Andreas$d1645-1706$94936
=245  \\$aOrgel-Probe oder Eigentliche Beschreibung Wie und welcher Gestalt man die Orgelwerke von den Orgelmachern annehmen, probiren, untersuchen und denen Kirchen liefern könne
=260  \\$aKassel$aQuedlinburg$aBasel$aParis$bBärenreiter$b1698$c1970
=300  \\$a95 pages
=648  \0$1http://www.wikidata.org/entity/Q7016$a17th Century (1601-1700)$920923
=648  \0$1http://www.wikidata.org/entity/Q7015$a18th Century (1701-1800)$920899
=650  \0$1http://www.wikidata.org/entity/Q1444$aOrgan$92810
=650  \0$1http://www.wikidata.org/entity/Q899293$aOrganology$921400
=650  \0$1http://www.wikidata.org/entity/Q55073971$aTemperament$921656
=650  \0$1http://www.wikidata.org/entity/Q7309439$aOrgan registration$923402
=700  \\$4edt$aMoser, Dietz-Rüdiger$d1939-2010$915035
=942  \\$cBOO
=952  \\$00$10$2ddc$40$6INS_3_000000000000000_1C_WERK$70$8INS$922770$aORPH$bORPH$cKTS0$d2020-07-08$eKoopman$i13H29$l0$oINS3.1c WERK$p20124960$r2023-06-15 00:00:00$w2023-06-15$yBOO
=999  \\$d21556

