=LDR  00974nam a22002177a 4500
=001  21557
=008  230615s1990\\\\gw\fo|||\||||\00|\0\ger\d
=041  \\$ager
=100  \\$4edt$aThom, Eitelfriedrich$920417
=245  \\$aDer orgelbauer Joachim Wagner (1690-1749)
=260  \\$aBlankenburg$bMichaelstein$c1990
=300  \\$a52 pages
=600  \0$1http://www.wikidata.org/entity/Q1690551$aWagner, Joachim$d1690-1749$99524
=648  \0$1http://www.wikidata.org/entity/Q7015$a18th Century (1701-1800)$920899
=650  \0$1http://www.wikidata.org/entity/Q1444$aOrgan$92810
=650  \0$1http://www.wikidata.org/entity/Q899293$aOrganology$921400
=651  \0$1http://www.wikidata.org/entity/Q183$aGermany$9155
=710  2\$aStiftung Kloster Michaelstein (Germany)$926321
=942  \\$cBOO
=952  \\$00$10$2ddc$40$6INS_3_000000000000000_1B_WAGN$70$8INS$922771$aORPH$bORPH$cKTS0$d2020-07-08$eKoopman$iTS Michst$l0$oINS3.1b WAGN$p20145441$r2023-06-15 00:00:00$w2023-06-15$yBOO
=999  \\$d21557

