=LDR  02733nam a22001937a 4500
=001  21559
=008  230616i18441846||||||||\||||\00|\0\dut\d
=041  \\$adut
=245  \\$a[Nederlands muzikaal tijdschrift & Caecilia 1844-1846]
=260  \\$aUtrecht
=505  \\$gNederlandsch muzikaal tijdschrift vol. 6 nos. 1-15 -- Caecilia. Algemeen muzikaal tijdschrift van Nederland, vol. 1 nos. 1-9 -- Nederlandsch muzikaal tijdschrift vol. 7, nos. 1-12 -- Nederlandsch muzikaal tijdschrift vol. 8, nos. 1-12
=520  \\$aPublished in Utrecht for a decade, the Nederlandsch Muzikaal Tijdschrift was the direct predecessor of Caecilia (1844-1944), the longest running music journal in The Netherlands and one of Europe’s longest lived. Appearing somewhat irregularly, from one to three times each month, the Nederlandsch Muzikaal Tijdschrift was founded to “inform readers about important artistic events at home and abroad...to give impartial reviews of recent compositions...to promote the good, the truth and to be thorough.”

The editorship of the journal changed several times in the course of its run: A. P. F. Seyff edited the journal from its inception to 1840; Dr. F. C. Kist to September 1844 when he left to found Caecilia; and, W. J. F. Nieuwenhuijsen (under the pseudonym Ernest van Wachten) until 1848. The Nederlandsch Muzikaal Tijdschrift is in large part devoted to Dutch musical life. The concert reviews offer a remarkable panorama of musical activities throughout most of the country, with emphasis on Amsterdam, Utrecht, The Hague and Rotterdam. The majority of the concerts are mixed: intermingling orchestral works, solo and ensemble instrumental works, and vocal music. Operatic performances in The Hague and Amsterdam are also reviewed. Of particular interest to the historian of music in The Netherlands is the vast number of performances of compositions by Dutch composers including Johannes Verhulst and J. B. van Bree. Among the news topics treated are the efforts of the Maatschappij tot Bevordering der Toonkunst [Society for the promotion of the art of music] to strengthen their membership and activities and to bring better musical education to a wider range of the population.
=648  \0$1http://www.wikidata.org/entity/Q6955$a19th Century (1801-1900)$920935
=650  \0$1http://www.wikidata.org/entity/Q11748889$aMusic criticism$921598
=650  \0$1http://www.wikidata.org/entity/Q1002697$aPeriodical$921106
=651  \0$1http://www.wikidata.org/entity/Q803$aUtrecht (Netherlands)$9141
=942  \\$cPER
=952  \\$00$10$2ddc$40$6KTS_1_000000000000000_C3_17_15F14AD$70$8RAR$922774$aORPH$bORPH$cKTS1_C3$d2020-07-08$eKoopman$l0$oKTS1 C3.17 15F14a-d$p20145447$r2023-06-16 00:00:00$w2023-06-16$yPER
=999  \\$d21559

