=LDR  01071nam a22002057a 4500
=001  21561
=008  230619s1763\\\\||||||||\||||f00|\0\fre\d
=245  \\$aArrest de la courde parlement,$bQui condamne Jean Beautru, Marchand de Violons, à être pendu en Place de Greve, pour Vol avec effraction
=300  \\$a3 pages
=590  \\$aExtrait des Registres du Parlement du 15 Avril 1763
=648  \0$1http://www.wikidata.org/entity/Q7015$a18th Century (1701-1800)$920899
=650  \0$1http://www.wikidata.org/entity/Q7748$aLaw$93727
=650  \0$1http://www.wikidata.org/entity/Q846047$aMusic history$921373
=650  \0$1http://www.wikidata.org/entity/Q8355$aViolin$92783
=650  \0$1http://www.wikidata.org/entity/Q83267$aCrime$926326
=651  \0$1http://www.wikidata.org/entity/Q90$aParis (France)$9160
=773  \\$021562$t[Édits, arrests, patentes]$w21562
=942  \\$cEPH
=952  \\$00$10$2ddc$40$6KTS_1_000000000000000_C3_17_15F07H$70$8RAR$922776$aORPH$bORPH$cKTS1_C3$d2020-07-08$eKoopman$l0$oKTS1 C3.17 15F07h$p20145443h$r2023-06-19 00:00:00$w2023-06-19$yEPH
=999  \\$d21561

