=LDR  00895ncc a22001457a 4500
=001  21563
=008  230620b\\\\\\\\||||||||\||||\00|\0\###\d
=100  \\$1http://www.wikidata.org/entity/Q254$aMozart, Wolfgang Amadeus$d1756-1791$95341
=245  \\$aTrois Quatuors
=500  \\$aPasted printed title vignet  "W.A. Mozart Trois Quatuors" on front cover and spine of modern box that holds all parts together
=500  \\$aAll partbooks have pasted manuscript title vignet on front cover "Quatuors. 6 Mozart à Haydn. 1 dito Op.14"
=505  \\$gTrois quatuors pour deux violons, alto et basse op. 10 -- Trois quatuors concertants op. 11 -- Quatuor pour deux violons taille et violoncelle op. 14

=942  \\$cSCO
=952  \\$00$10$2ddc$40$6KTS_1_000000000000000_C3_18_16F01AC$70$8RAR$922778$aORPH$bORPH$cKTS1_C3$d2020-07-08$eKoopman$l0$oKTS1 C3.18 16F01a-c$p20145459$r2023-06-20 00:00:00$w2023-06-20$ySCO
=999  \\$d21563

