=LDR  01166nam a22002537a 4500
=001  21569
=005  20250925143310.0
=008  230621s1919\\\\||||||||\e|||\00|\0dger\d
=041  \\$ager
=100  \\$1http://www.wikidata.org/entity/Q213539$4aut$aRiemann, Hugo$d1849-1919$916448
=245  \\$aMusik-Lexikon
=250  \\$a9th ed.
=260  \\$aBerlin$bHesse$c1919
=300  \\$ax-1355 pages
=590  \\$aNeune vom Verfasser noch vollständig umgearbeitete Auflage nach seinem Tode (10. Juli 1919) fertiggestelt von Alfred Einstein
=648  \0$1http://www.wikidata.org/entity/Q6927$a20th Century (1901-2000)$920936
=650  \0$1http://www.wikidata.org/entity/Q5292$aEncyclopedia$92184
=650  \0$1http://www.wikidata.org/entity/Q193544$aMusic theory$92662
=650  \0$1http://www.wikidata.org/entity/Q846047$aMusic history$921373
=651  \0$1http://www.wikidata.org/entity/Q183$aGermany$9155
=700  \\$4edt$910698$aEinstein, Alfred$d1880-1952
=942  \\$cBOO
=952  \\$00$10$2ddc$40$6KTS_1_000000000000000_C2_20_08B26$70$8RAR$922796$aORPH$bORPH$cKTS1_C2$d2020-07-08$eKoopman$l0$oKTS1 C2.20 08B26$p20120593$r2023-06-21 00:00:00$w2023-06-21$yBOO
=999  \\$d21569

