=LDR  01072ncc a22001217a 4500
=001  21570
=008  230621b\\\\\\\\||||||||\||||\00|\0\###\d
=245  \\$aClavecin. Sonates de Staes & Boccherini
=300  \\$bmarbled cardboard cover, pasted manuscript title vignet on frontcover
=505  \\$gTrois sonates pour le Clavecin ou forte Piano avec accompagnement d'un violon obligé et violoncelle op. 5 -- Trois sonates Pour le Clavecin ou forte Piano avec accompagnement d'un violon et violoncelle op. 3 -- Concerto pour le clavecin ou le forte piano avec accompagnement de deux violons, alto, viol. contre basse deux flûtes et deux cors op. 6 -- Idées de campagne pour le clavecin ou forte piano avec accompagnement d'un violon, violoncelle et deux cors op. 7 -- Six sonates en trio pour le clavecin ou piano forte avec accompagnement de violon et basse - second livre’
=942  \\$cSCO
=952  \\$00$10$2ddc$40$6KTS_1_000000000000000_C3_19_16F28AE$70$8RAR$922798$aORPH$bORPH$cKTS1_C3$d2020-07-08$eKoopman$l0$oKTS1 C3.19 16F28a-e$p20145484$r2023-06-21 00:00:00$w2023-06-21$ySCO
=999  \\$d21570

