=LDR  03492acb a2200361   4500
=001  21572
=008  230622s1803\\\\|||||l||\||||\00|\0\eng\d
=041  \\$aeng
=059  \\$av kbd vn vc
=100  \\$aHaydn, Joseph$d1732-1809$4cmp$1http://www.wikidata.org/entity/Q7349$94783
=245  \\$aA Select Collection of Original Scottish Airs for the Voice$nVol. 1
=250  \\$a2st ed. 
=260  \\$aLondon$aEdinburg$bPreston$bThomson$c[1803]
=300  \\$a[i]-4-[ii]-100-[i]- pages$balternating pages of text and music, Vols. 1, 3 and 4 in a blue custom made case, engraved ill. as frontispiece.
=500  \\$a"A Select Collection of Original Scottish Airs for the Voice" is a multi-volume collection of Scottish song edited and published by the entrepreneurial musician, publisher and Clerk to the Board of Trustees for Encouragement of Art and Manufacture in Scotland, George Thomson. For the first volume, which appeared in 1793, Thomson commissioned the composer Ignaz Pleyel to provide musical settings.

From the Preface of Vol. 3: "For the composition of these [the symphonies and accompaniments], he entered into terms with Mr Pleyel, who fulfilled part of his engagement very satisfactorily; but having then deserted it, the Editor, after a fruitless correspondence with him, which retarded the progress of the Work for years, at length found it necessary to turn his eyes elsewhere. He was so fortunate, however, [...] as to engage Mr Kozeluch and Dr Haydn, to proceed with the Work, which they have finished in such a manner, as to leave him without any other regret, but that of having so long delayed his application to them." 

This is the second edition of the first volume, published in 1803, in which Thomson has replaced 21 of the previously published version with settings by Haydn.  
=500  \\$aContains a full page engraved illustration "The Birks of Invermay Soldier's Return".
=500  \\$aWith Thomson's signature on title page.
=501  \\$aIn a case with Vols. 3 and 4 of the same collection. See also G2-001.
=590  \\$aWith Introductory & Concluding Symphonies & Accompaniments for the Piano Forte, Violin & Violoncello by Pleyel, Kozeluch & Haydn. With Select & Characteristic Verses both Scottish and English adapted to the Airs, including upwards of One Hundred New Songs by Burns. 
=648  \0$1http://www.wikidata.org/entity/Q6955$a19th Century (1801-1900)$920935
=648  \0$1http://www.wikidata.org/entity/Q7015$a18th Century (1701-1800)$920899
=650  \0$aSong$1http://www.wikidata.org/entity/Q7366$94164
=650  \0$aPoetry$1http://www.wikidata.org/entity/Q482$93026
=650  \0$aFolk music$1http://www.wikidata.org/entity/Q43343$921594
=651  \0$1http://www.wikidata.org/entity/Q22$aScotland$921258
=700  \\$1http://www.wikidata.org/entity/Q693843$4cmp$aKozeluch, Leopold$d1747-1818$94782
=700  \\$1http://www.wikidata.org/entity/Q314019$4cmp$aPleyel, Ignaz$d1757-1831$95340
=700  \\$1http://www.wikidata.org/entity/Q5545192$4edt$aThomson, George$d1757-1851$98267
=700  \\$1http://www.wikidata.org/entity/Q81960$4lyr$aBurns, Robert$d1759-1796$98268
=856  \\$uhttps://vmirror.imslp.org/files/imglnks/usimg/0/00/IMSLP469458-PMLP762197-selectcollection00hayd_vol1.pdf$3Vol. 1 (1803 ed.)
=942  \\$cSCO
=952  \\$00$10$2ddc$40$6KTS_1_000000000000000_C3_19_G2002A$70$922806$aORPH$bORPH$cKTS1_C3$d2020-07-08$eKoopman$iG2-002$l0$oKTS1 C3.19 G2-002a$p20145494$r2023-06-22 00:00:00$w2023-06-22$ySCO
=999  \\$d21572

