=LDR  01621aam a2200277   4500
=001  21577
=008  230623s1914\\\\||||||||\||||\00|\0\ger\d
=041  \\$ager
=100  \\$aPlank, Beda$d1741-1830$4aut$1http://www.wikidata.org/entity/Q813791$926351
=245  \\$aP. Beda Planks "Fluchtreise 1805-1806"; Kremsmünster im Jahre 1809; Schulnachrichten vom Direktor
=246  \1$aBeschreibung der zweiten Fluchtreise nach Wien, und Hungarn$bbei dem zweiten Einfalle der Franzosen vom 28. Oktober 1805 bis 1. März 1806 von P.B.P.
=260  \\$aLinz$bAkad. Buchdruckerei des Kath. Pressvereines$c1914
=300  \\$a40-24-72 pages
=490  \\$aProgramm des Kais. Kön. Obergymnasiums der Benediktiner zu Kremsmünster$v64
=610  \0$1http://www.wikidata.org/entity/Q68865$aBenediktinerstift Kremsmünster (Austria)$91610
=648  \0$1http://www.wikidata.org/entity/Q6955$a19th Century (1801-1900)$920935
=650  \0$1http://www.wikidata.org/entity/Q192781$aMilitary history$93874
=650  \0$1http://www.wikidata.org/entity/Q6534$aFrench Revolution (1789-1799)$925608
=650  \0$1http://www.wikidata.org/entity/Q44613$aMonastery$926216
=650  \0$1http://www.wikidata.org/entity/Q8434$aEducation$926206
=651  \0$1http://www.wikidata.org/entity/Q1741$aVienna (Austria)$920937
=651  \0$1http://www.wikidata.org/entity/Q28$aHungary$921233
=700  \\$4edt$913345$aPösinger, Bernhard$dfl. 1913
=942  \\$cBOO
=952  \\$00$10$2ddc$40$6TOP_AT_VIE_6_000000000000000$70$8TOP$922812$aORPH$bORPH$cKTS0$d2020-07-08$eKoopman$i42A02_02$l0$oTOP AT.VIE 6$p20138970$r2023-06-23 00:00:00$w2023-06-23$yBOO
=999  \\$d21577

