=LDR  01379    a2200277   4500
=001  21583
=008  211206s1995\\\\it\afh||\||||\00|\0\eng\d
=041  \\$aeng$dita
=245  \\$aDe Clavicordio.$bProceedings of the International Clavichord Symposium. Atti del Congresso Internazionale sul Clavicordo. Magnano, 9-11 September 1993
=260  \\$aMagnano$bMusica Antica a Magnano$c1996
=300  \\$a287 pages
=490  \\$aDe Clavicordio$vI
=648  \0$1http://www.wikidata.org/entity/Q192630$aPast$922196
=650  \0$aClavichord$1http://www.wikidata.org/entity/Q191823$92126
=650  \0$aOrganology$1http://www.wikidata.org/entity/Q899293$921400
=650  \0$aHarpsichord$1http://www.wikidata.org/entity/Q81982$92125
=650  \0$aKeyboard instrument$1http://www.wikidata.org/entity/Q52954$92849
=650  \0$aMusic history$1http://www.wikidata.org/entity/Q846047$921373
=700  \\$4edt$aBrauchli, Bernard$923229
=700  \\$4edt$aBrauchli, Susan$923230
=700  \\$4edt$aGalazzo, Alberto$923231
=700  \\$4edt$aHogwood, Christopher$d1941-2014$1http://www.wikidata.org/entity/Q435198$918287
=710  2\$4ctb$926359$aMusica Antica a Magnano
=942  \\$cBOO
=952  \\$00$10$2ddc$40$6INS_3_000000000000000_2D$70$8INS$922820$aORPH$bORPH$cKTS0$d2020-07-08$eKoopman$i36F08$l1$oINS3.2d$p20120668$q2024-10-31$r2024-10-29 13:55:47$s2024-10-29$w2023-06-27$yBOO
=999  \\$d21583

