=LDR  00928nam a22002057a 4500
=001  21584
=008  230703r16791972fr\h||||\||||\00|\0\fre\d
=041  \\$afre
=245  \\$aTraitté des Languettes Impérialles pour la perfection du Clavecin
=260  \\$aParis$aGeneva$bBailly$bMinkoff$c1679$c1972
=300  \\$a150 pages
=648  \0$1http://www.wikidata.org/entity/Q192630$aPast$922196
=650  \0$1http://www.wikidata.org/entity/Q2250960$aMethod$921402
=650  \0$1http://www.wikidata.org/entity/Q899293$aOrganology$921400
=650  \0$1http://www.wikidata.org/entity/Q81982$aHarpsichord$92125
=651  \0$1http://www.wikidata.org/entity/Q90$aParis (France)$9160
=700  \\$4aut$926376$aRousselière, Jean B. de la
=942  \\$cBOO
=952  \\$00$10$2ddc$40$6INS_3_000000000000000_2C_ROUS$70$8INS$922821$aORPH$bORPH$cKTS0$d2020-07-08$eKoopman$i13H22$l0$oINS3.2c ROUS$p20124967$r2023-07-03 00:00:00$w2023-07-03$yBOO
=999  \\$d21584

