=LDR  01022nam a22002297a 4500
=001  21616
=008  230828r1974\\\\|||hg|||\||||\00|\0\\\\\d
=041  \\$aita$dfre
=110  2\$4edt$aArnaldo Forni editore$925792
=245  \\$aMethode pour l'accompagnement du clavecin
=260  \\$aBologna$bArnaldo Forni$c1974
=300  \\$a30 pages
=490  \\$aBibliotheca Musica Bononiensis$vSezione II N. 142
=648  \0$1http://www.wikidata.org/entity/Q7015$a18th Century (1701-1800)$920899
=650  \0$1http://www.wikidata.org/entity/Q504514$aAccompaniment$92918
=650  \0$1http://www.wikidata.org/entity/Q105715630$aKeyboard music$921412
=650  \0$1http://www.wikidata.org/entity/Q2250960$aMethod$921402
=700  \\$4aut$aGervais, Laurent$97053
=710  \\$4ctb$aCivico museo bibliografico musicale (Bologna, Italy)$91569
=942  \\$cBOO
=952  \\$00$10$2ddc$40$6INS_3_000000000000000_2D$70$8INS$922887$aORPH$bORPH$cKTS0$d2020-07-08$eKoopman$i14I30$l0$oINS3.2d$p20126265$r2023-08-28 00:00:00$w2023-08-28$yBOO
=999  \\$d21616

