=LDR  00894nam a22002057a 4500
=001  21618
=008  230905t1994\\\\|||oga||\||||\00|\0beng\d
=020  \\$a0500016259
=100  \\$4aut$aKing, Robert$dca.1660-1726$926456
=245  \\$aHenry Purcell
=260  \\$aLondon$bThames and Hudson$c1994
=300  \\$a256 pages$bill.
=600  \0$1http://www.wikidata.org/entity/Q9695$aPurcell, Henry$d1659-1695$95840
=648  \0$1http://www.wikidata.org/entity/Q7015$a18th Century (1701-1800)$920899
=650  \0$1http://www.wikidata.org/entity/Q36834$aComposer$93625
=650  \0$1http://www.wikidata.org/entity/Q36279$aBiography$91927
=651  \0$1http://www.wikidata.org/entity/Q84$aLondon (United Kingdom)$9123
=942  \\$cBOO
=952  \\$00$10$2ddc$40$6BIO_PURC1_D$70$8BIO$922890$aORPH$bORPH$cKTS1_P$d2020-07-08$eKoopman$i22A08$l0$oBIO PURC1 d$p20125625$r2023-09-05 00:00:00$w2023-09-05$yBOO
=999  \\$d21618

