=LDR  01111nam a22002417a 4500
=001  21619
=005  20250925143310.0
=008  230905t2015\\\\|||a||||\||||\00|\0bfre\d
=020  \\$a9782853572460
=100  \\$aMassip, Catherine$4edt$919701
=245  \\$aHenry Prunières (1886-1942)$bUn Musicologue engagé dans la vie musicale de l'entre-deux-guerres
=260  \\$aParis$bSociété française de musicologie$c2015
=300  \\$a579-[5] pages$bill.
=600  \0$1http://www.wikidata.org/entity/Q3133019$aPrunières, Henry$d1886-1942$916453
=648  \0$1http://www.wikidata.org/entity/Q6927$a20th Century (1901-2000)$920936
=650  \0$1http://www.wikidata.org/entity/Q14915627$aMusicologist$92342
=650  \0$1http://www.wikidata.org/entity/Q36279$aBiography$91927
=651  \0$1http://www.wikidata.org/entity/Q142$aFrance$9131
=700  \\$4edt$aGétreau, Florence$919138
=700  \\$4edt$aChimènes, Myriam$917387
=942  \\$cBOO
=952  \\$00$10$2ddc$40$6BIO_PRUN_D$70$8BIO$922891$aORPH$bORPH$cKTS1_P$d2020-07-08$eKoopman$i47F27$l0$oBIO PRUN d$p20123824$r2023-09-05 00:00:00$w2023-09-05$yBOO
=999  \\$d21619

