=LDR  01342nam a22002777a 4500
=001  21620
=005  20251003085500.0
=008  230905t2016\\\\|||aogc|\||||\00|\0\ita\d
=245  \\$aSplendori della Scuola Napoletana$bGiovanni Paisiello tra il Regno di Napoli e le Corti d'Europa
=260  \\$aNapels$bEdizioni del Conservatorio di Musica San Pietro a Majella
=300  \\$a144 pages$bill.
=500  \\$aDedication by Elsa Evangelista to Ton Koopman
=500  \\$aExhibition Catalogue
=600  \0$1http://www.wikidata.org/entity/Q202303$aPaisiello, Giovanni$d1740-1816$95361
=648  \0$1http://www.wikidata.org/entity/Q7015$a18th Century (1701-1800)$920899
=650  \0$1http://www.wikidata.org/entity/Q36279$aBiography$91927
=650  \0$1http://www.wikidata.org/entity/Q2352616$aCatalogue$921484
=650  \0$1http://www.wikidata.org/entity/Q846047$aMusic history$921373
=650  \0$1http://www.wikidata.org/entity/Q36834$aComposer$93625
=651  \0$1http://www.wikidata.org/entity/Q2634$aNaples (Italy)$921
=700  \\$4edt$aEvangelista, Elsa$926457
=700  \\$4edt$926458$aSisto, Luigi
=700  \\$4edt$aSimone, Alessandro De$926459
=942  \\$cBOO
=952  \\$00$10$2ddc$40$6BIO_PAIS_E$70$8BIO$922892$aORPH$bORPH$cKTS1_P$d2020-07-08$eKoopman$i46G28$l0$oBIO PAIS e$p20126975$r2023-09-05 00:00:00$w2023-09-05$yBOO
=999  \\$d21620

