=LDR  00405nam a22001097a 4500
=001  21621
=008  230905b\\\\\\\\||||||||\||||\00|\0\###\d
=100  \\$910636$aDurante, E
=245  \\$aLe Due "Scelte" Napoletane di Luzzasco Luzzaschi
=942  \\$cBOO
=952  \\$00$10$2ddc$40$6BIO_LUZZ_E$70$8BIO$922893$aORPH$bORPH$cKTS1_P$d2020-07-08$eKoopman$i22A53$l0$oBIO LUZZ e$p20125584$r2023-09-05 00:00:00$w2023-09-05$yBOO
=999  \\$d21621

