=LDR  01304cam a2200325 a 4500
=001  21622
=005  20230906103936.0
=008  931008s1992\\\\fr\acfg\\bc\\\000\0bfre\\
=010  \\$a   93216422 
=020  \\$a2070724786
=040  \\$aDLC$cDLC
=050  00$aML410.L95$bB4 1992
=082  00$a780/.92$aB$220
=100  1\$aBeaussant, Philippe.
=245  10$aLully, ou, Le musicien du soleil /$cPhilippe Beaussant.
=260  \\$a[Paris?] :$bGallimard :$bThéâtre des Champs-Elysées,$cc1992.
=300  \\$a893 p. :$bill., ports., pls., music, facsims. ;$c23 cm.
=500  \\$aList of works: p. [831]-[842].
=500  \\$aDedication by the author to Gustav Leonhardt, 2.4.1992
=504  \\$aIncludes bibliographical references (p. [857]-879).
=561  \\$aEx libris Gustav Leonhardt (manuscript)
=600  10$aLully, Jean Baptiste,$d1632-1687.
=650  00$aComposers$zFrance$xBiography.
=740  0\$aLully.
=740  0\$aMusicien du soleil.
=906  \\$a7$bcbc$corignew$d2$encip$f19$gy-gencatlg
=942  \\$cBOO
=952  \\$00$10$2ddc$40$6BIO_LULL_D$70$8BIO$922894$aORPH$bORPH$cKTS1_P$d2020-07-08$eKoopman$i46E03$l0$oBIO LULL d$p20126970$r2023-09-05 00:00:00$w2023-09-05$yBOO
=955  \\$aRB05; ub06 05-27-94 to SMCD; vl01 07-01-94; vl02 08-18-94; vn34/sl 08-22-94; vl19 08-24-94
=999  \\$d21622

