=LDR  02744cam a2200433 a 4500
=001  21623
=005  20250826173052.0
=008  821110s1982\\\\gw\a\\\\\bc\\\001\0bger\\
=020  \\$a3882261315
=040  \\$aOI
=041  \\$ager
=050  00$aML141.M8$bL36 1982
=082  00$a784/.092/4$219
=245  00$aOrlando di Lasso:$bMusik der Renaissance am Münchner Fürstenhof. Ausstellung zum 450. Geburtstag, 27. Mai-31. Juli 1982
=260  \\$aWiesbaden$bReichert$c1982
=300  \\$a269 pages$billustrations$c28 cm
=490  1\$aAusstellungskataloge / Bayerische Staatsbibliothek$v26
=504  \\$aDiscography: p. 88-115.
=504  \\$aIncludes bibliographical references and indexes.
=505  \\$gVorwort / F. G. Kaltwasser -- Orlando di Lasso oder die beseelte Verrückheit. Zeit und Unzeit einer humanistischen Musik. Rede zur Eröffnung der Ausstellung / H. Leuchtmann -- Das Herzogtum Bayern und seine Herzöge zur Zeit Orlando di Lassos / D. Albrecht -- Musikinstrumente zur Zeit Orlando di Lassos / J. Eppelsheim -- Lasso-Diskographie / U. Hein -- Orlando di Lasso. Ein biographischer Abriß / H. Hell -- Lassos Briefe -- Lasso als Komponist / H. Leuchtmann -- Die bildenden Künste am Münchener Hof zur Zeit Orlando di Lassos / H. H. Stierhof
=600  \0$aLassus, Orlandus$d1530/32-1594$1http://www.wikidata.org/entity/Q154792$96856
=610  \0$aHouse of Wittelsbach$1http://www.wikidata.org/entity/Q131621$923667
=648  \0$a16th Century (1501-1600)$1http://www.wikidata.org/entity/Q7017$920944
=650  \0$aComposer$1http://www.wikidata.org/entity/Q36834$93625
=650  \0$aBiography$1http://www.wikidata.org/entity/Q36279$91927
=650  \0$aMusic history$1http://www.wikidata.org/entity/Q846047$921373
=650  \0$aCourt$1http://www.wikidata.org/entity/Q1134237$922191
=650  \0$aCappella$1http://www.wikidata.org/entity/Q19902156$922910
=650  \0$aOrganology$1http://www.wikidata.org/entity/Q899293$921400
=650  \0$aCorrespondence$1http://www.wikidata.org/entity/Q1784733$921392
=650  \0$aFine art$1http://www.wikidata.org/entity/Q219625$921579
=651  \0$aMunich (Germany)$1http://www.wikidata.org/entity/Q1726$9268
=651  \0$aBavaria (Germany)$1http://www.wikidata.org/entity/Q980$9228
=700  \\$aHell, Hellmut$d1941-$1http://www.wikidata.org/entity/Q95320990$4aut$911491
=700  \\$aLeuchtmann, Horst$c1927-2007$1http://www.wikidata.org/entity/Q119746$4aut$914798
=710  \\$aBayerische Staatsbibliothek (Munich, Germany)$1http://www.wikidata.org/entity/Q256507$4edt$91333
=942  \\$cBOO
=952  \\$00$10$2ddc$40$6BIO_LASS_C$70$8BIO$922895$aORPH$bORPH$cKTS1_P$d2020-07-08$eKoopman$i32B21$l0$oBIO LASS c$p20130329$r2023-09-05 00:00:00$w2023-09-05$yBOO
=999  \\$d21623

