=LDR  01598cam a22004334a 4500
=001  21624
=005  20230905112015.0
=008  051103s2005\\\\ne\ab\\\\b\\\\001\0cdut\\
=010  \\$a2006356277
=020  \\$a904501422X
=035  \\$a(CaONFCNI)ny4873178
=040  \\$aDLC$cDLC
=042  \\$apcc
=043  \\$ae-ne---
=050  00$aDJ173.W7$bP36 2005
=100  1\$aPanhuysen, Luc,$d....-$0(viaf)
=245  13$aDe ware vrijheid :$bde levens van Johan en Cornelis de Witt /$cLuc Panhuysen.
=250  \\$a4e druk
=260  \\$aAmsterdam :$bAtlas,$c2005.
=300  \\$a526 p. :$bill. (some col.), col. map ;$c24 cm.
=504  \\$aIncludes bibliographical references (p. 504-518) and index.
=600  17$aWitt, Johan de,$d1625-1672.$2lcsh
=600  17$aWitt, Cornelis de,$d1623-1672.$2lcsh
=650  \7$aStatesmen$zNetherlands$vBiography.$2lcsh
=651  \7$aNetherlands$xHistory$y1648-1714.$2lcsh
=852  4\$bCA20$cDEPA$jDEPA.L30.HI.102.071$p000010152553
=942  \\$cBOO
=952  \\$00$10$2ddc$40$6BIO_WITT1_D$70$8BIO$922896$aORPH$bORPH$cKTS1_P$d2020-07-08$eKoopman$i43F01$l0$oBIO WITT1 d$p20126480$r2023-09-05 00:00:00$w2023-09-05$yBOO
=956  \\$aIDCRAEYE$b20$c20060518$lRUG01$h1020
=956  \\$aIDCRAEYE$b20$c20060612$lRUG01$h1519
=956  \\$c20060914$lRUG01$h2231
=956  \\$c20061001$lRUG01$h0327
=956  \\$aBATCH$c20121203$lRUG01$h1836
=956  \\$aBATCH$c20121203$lRUG01$h1937
=956  \\$aBATCH$c20170414$lRUG01$h1021
=956  \\$aBATCH$c20171030$lRUG01$h1232
=956  \\$aBATCH$c20171208$lRUG01$h1617
=956  \\$c20230808$lRUG01$h1331
=999  \\$d21624

