=LDR  01464nam a2200313 a 4500
=001  21625
=005  20250120120928.0
=008  831214s1982\\\\gw\g\\\\\b\\\\000\0bger\\
=010  \\$a   83120903 
=020  \\$a3795202450 :$cDM85.00
=040  \\$aOI
=041  \\$ager
=100  \\$aSeifert, Herbert$d1945-$1http://www.wikidata.org/entity/Q19971450$4aut$914021
=245  10$aGiovanni Buonaventura Viviani:$bLeben, Instrumentalwerke, vokale Kammermusik
=260  \\$aTutzing$bSchneider$c1982
=300  \\$a207 pages$bmusic$c24 cm
=490  \\$aWiener Veröffentlichungen zur Musikwissenschaft$v21
=500  \\$aRevised ed. of the author's thesis (doctoral)--Universität Wien, 1970.
=504  \\$aBibliography: p. 201-207.
=600  10$aViviani, Giovanni Buonaventura$d1638-1693$1http://www.wikidata.org/entity/Q375676$926718
=648  \0$a17th Century (1601-1700)$1http://www.wikidata.org/entity/Q7016$920923
=650  \0$aComposer$1http://www.wikidata.org/entity/Q36834$93625
=650  \0$aInstrumental music$1http://www.wikidata.org/entity/Q639197$92106
=650  \0$aChamber music$1http://www.wikidata.org/entity/Q189201$92105
=650  \0$aVocal music$1http://www.wikidata.org/entity/Q685884$93319
=651  \0$aItaly$1http://www.wikidata.org/entity/Q38$922
=942  \\$cBOO
=952  \\$00$10$2ddc$40$6BIO_VIVI3_D$70$8BIO$922897$aORPH$bORPH$cKTS1_P$d2020-07-08$eKoopman$i23B14$l0$oBIO VIVI3 d$p20128545$r2023-09-05 00:00:00$w2023-09-05$yBOO
=999  \\$d21625

