=LDR  01159nam a22002417a 4500
=001  21626
=005  20250925143310.0
=008  230905t1984\\\\||||||||\||||\00|\0dger\d
=100  \\$aJacobi, Erwin Reuben$d1909-1979$4aut$918302
=245  \\$aErwin R. Jacobi. Musikwissenschaftliche Arbeiten
=260  \\$aZürich$bAtlantis$c1984
=500  \\$aCollection of articles written by Erwin R. Jacobi
=590  \\$aIm Anhang: Veröffentlichungen zur Biographie von Albert Schweizer (1875-1965)
=600  \0$aJacobi, Erwin Reuben$d1909-1979$918302
=648  \0$1http://www.wikidata.org/entity/Q6927$a20th Century (1901-2000)$920936
=650  \0$1http://www.wikidata.org/entity/Q14915627$aMusicologist$92342
=650  \0$1http://www.wikidata.org/entity/Q36279$aBiography$91927
=650  \0$1http://www.wikidata.org/entity/Q193544$aMusic theory$92662
=650  \0$1http://www.wikidata.org/entity/Q846047$aMusic history$921373
=700  \\$4edt$911113$aGiegling, Franz$c1921-2007
=942  \\$cBOO
=952  \\$00$10$2ddc$40$6BIO_JACO2_A$70$8BIO$922900$aORPH$bORPH$cKTS1_P$d2020-07-08$eKoopman$i24D62$l0$oBIO JACO2 a$p20129062$r2023-09-06 00:00:00$w2023-09-06$yBOO
=999  \\$d21626

