=LDR  01918ccm a2200349ui 4500
=001  21630
=005  20250120120924.0
=008  860523s1979\\\\xx\||||\\\\\\\\n\\|\mul\\
=010  \\$a   82771132 
=041  \\$aita$afre
=059  \\$av  lute bc
=100  \\$1http://www.wikidata.org/entity/Q705885$4edt$aWotquenne, Alfred$d1867-1939$926462
=245  00$aMusiche di vari autori XVIIe siècle.
=260  \\$aBrussels$bÉditions culture et civilisation$c1979
=300  \\$a[240] pages
=490  \\$aThesaurus Musicus Nova Series: A: Manuscrits$v3
=500  \\$aFacsimile of the manuscript-editions/transcriptions for voice, bc and lute tablature of early Italian monody by Wotquenne from 1900. Introduction text excerpt from "L'Annuaire de Conservatoire, 24e année, 1900. Collection of 140 monodies from around 1600.
=500  \\$aSource: Brussels, Bibliothèque du Conservatoire, ms 705 (ancien 8750)
=648  \0$1http://www.wikidata.org/entity/Q7016$a17th Century (1601-1700)$920923
=650  \0$aSong$1http://www.wikidata.org/entity/Q7366$94164
=650  \0$aMadrigal$1http://www.wikidata.org/entity/Q193217$921649
=650  \0$aOpera$1http://www.wikidata.org/entity/Q1344 $92468
=650  \0$aPoetry$1http://www.wikidata.org/entity/Q482$93026
=651  \0$1http://www.wikidata.org/entity/Q38$aItaly$922
=700  \\$1http://www.wikidata.org/entity/Q205519$4cmp$aPeri, Jacopo$d1561-1633$913225
=700  \\$1http://www.wikidata.org/entity/Q1377115$4cmp$aStriggio, Alessandro$d1540-1592$bthe Elder$923245
=700  \\$4cmp$aCorsi, Jacopo$d1561-1602$926461
=700  \\$1http://www.wikidata.org/entity/Q215308$4cmp$aCaccini, Giulio$d1551-1618$923215
=906  \\$a0$bcbc$cpremunv$du$encip$f19$gy-genmusic
=942  \\$cSCO
=952  \\$00$10$2ddc$40$6SCO_MISC_RASP$70$8SCO$922905$aORPH$bORPH$cKTS1_H$d2020-07-08$eKoopman$i13F29$l0$oSCO MISC RASP$p20124369$r2023-09-06 00:00:00$w2023-09-06$ySCO
=999  \\$d21630

