=LDR  00955ncm a22002177a 4500
=001  21631
=008  230906t1971\\\\|||||l||\||||\00|\0\ita\d
=041  \\$aita
=059  \\$aorg
=245  \\$aMusiche in tavolatura organistica Tedesca della Biblioteca Nazionale di Torino$bFondo Giordano Foa'$nI
=260  \\$aBologna$bForni$c1971
=300  \\$a[272 pages]$boblong
=490  \\$aMonumenta Organica a' manuscripta$v1
=500  \\$afacsimile edition
=648  \0$1http://www.wikidata.org/entity/Q7017$a16th Century (1501-1600)$920944
=648  \0$1http://www.wikidata.org/entity/Q7016$a17th Century (1601-1700)$920923
=650  \0$1http://www.wikidata.org/entity/Q2003283$aOrgan music$91951
=651  \0$1http://www.wikidata.org/entity/Q1891$aBologna (Italy)$921973
=942  \\$cSCO
=952  \\$00$10$2ddc$40$6SCO_MISC_ANON$70$8SCO$922906$aORPH$bORPH$cKTS1_H$d2020-07-08$eKoopman$i13D38$l0$oSCO MISC ANON$p20126104$r2023-09-06 00:00:00$w2023-09-06$ySCO
=999  \\$d21631

