=LDR  01212ccm a2200241 a 4500
=001  21632
=008  860703s1979\\\\be\sna|\\\\\\\\n\\\\fre\|
=041  \\$afre
=059  \\$avn ob 2fl bc
=100  1\$4edt$926467$aRaspe, Paul
=245  10$aManuscrit allemand du XVIIIe siècle
=260  \\$aBrussels$bEditions culture et civilisation$c1979
=300  \\$a245 pages
=490  \\$aThesaurus musicus. Nova series. Série A, Manuscrits$v7
=500  \\$aSonatas for violin, flute, or oboe and continuo and duets for 2 flutes by various 18th century composers.
=500  \\$aFacsimile Edition. Reproduces ms. 15115 in the Bibliothèque du Conservatoire royal de musique de Bruxelles.
=648  \0$1http://www.wikidata.org/entity/Q7015$a18th Century (1701-1800)$920899
=650  \0$aSonata$1http://www.wikidata.org/entity/Q131269$921653
=650  \0$aDuet$1http://www.wikidata.org/entity/Q109940$92394
=710  \\$1http://www.wikidata.org/entity/Q336968$aConservatoire royal de musique (Brussels, Belgium)$91443
=942  \\$cSCO
=952  \\$00$10$2ddc$40$6SCO_MISC_RASP$70$8SCO$922907$aORPH$bORPH$cKTS1_H$d2020-07-08$eKoopman$i13D04$l1$oSCO MISC RASP$p20126140$r2025-03-18 11:33:20$s2025-01-22$w2023-09-06$ySCO
=999  \\$d21632

