=LDR  01395nam a22002657a 4500
=001  21634
=008  221124s1988\\\\||||||||\||||\01|\0bger\d
=041  \\$ager
=100  \\$4edt$aThom, Eitelfriedrich$c-1935$1http://www.wikidata.org/entity/Q106675800$920417
=245  \\$aBericht über das Sperger-Kolloquium anlässlich seines 175. Todestages am 13. Mai 1987
=260  \\$aMichaelstein$aBlankenburg$c1988
=300  \\$a51 pages
=490  \\$aStudien zür Aufführungspraxis und Interpretation des Musik des 18. Jahrhunderts$v36
=600  10$aSperger, Johann Matthias$d1750-1812$1http://www.wikidata.org/entity/Q387481$926466
=648  \0$a18th Century (1701-1800)$1http://www.wikidata.org/entity/Q7015$920899
=648  \0$a19th Century (1801-1900)$1http://www.wikidata.org/entity/Q6955$920935
=650  \0$aComposer$1http://www.wikidata.org/entity/Q36834$93625
=650  \0$aBiography$1http://www.wikidata.org/entity/Q36279$91927
=650  \0$aDouble bass$1http://www.wikidata.org/entity/Q80019$921734
=650  \0$aConcerto$1http://www.wikidata.org/entity/Q9748$921817
=650  \0$aMusic history$1http://www.wikidata.org/entity/Q846047$921373
=651  \0$aAustria$1http://www.wikidata.org/entity/Q40$9202
=942  \\$cBOO
=952  \\$00$10$2ddc$40$6BIO_SPER_D$70$8BIO$922909$aORPH$bORPH$cKTS1_P$d2020-07-08$eKoopman$l0$oBIO SPER d$p20145759$r2023-09-07 00:00:00$w2023-09-07$yBOO
=999  \\$d21634

