=LDR  01441nam a22002657a 4500
=001  21635
=008  221124s1986\\\\||||||||\||||\01|\0bger\d
=041  \\$ager
=100  \\$4edt$aThom, Eitelfriedrich$c-1935$1http://www.wikidata.org/entity/Q106675800$920417
=245  \\$aBericht über das Werckmeister-Kolloquium aus anläss seines 340. Geburtstages von Andreas Werckmeister am 30. November 1985
=260  \\$aMichaelstein$aBlankenburg$c1986
=300  \\$a103 pages
=490  \\$aStudien zür Aufführungspraxis und Interpretation des Musik des 18. Jahrhunderts$v30
=600  \0$aWerckmeister, Andreas$d1645-1706$1http://www.wikidata.org/entity/Q61162$94936
=648  \0$a17th Century (1601-1700)$1http://www.wikidata.org/entity/Q7016$920923
=648  \0$a18th Century (1701-1800)$1http://www.wikidata.org/entity/Q7015$920899
=650  \0$aComposer$1http://www.wikidata.org/entity/Q36834$93625
=650  \0$aBiography$1http://www.wikidata.org/entity/Q36279$91927
=650  \0$aTemperament$1http://www.wikidata.org/entity/Q55073971$921656
=650  \0$aBarrel organ$1http://www.wikidata.org/entity/Q752638$93504
=650  \0$aMusic history$1http://www.wikidata.org/entity/Q846047$921373
=651  \0$aGermany$1http://www.wikidata.org/entity/Q183$9155
=942  \\$cBOO
=952  \\$00$10$2ddc$40$6BIO_WERC_D$70$8BIO$922910$aORPH$bORPH$cKTS1_P$d2020-07-08$eKoopman$iTS$l0$oBIO WERC d$p20145760$r2023-09-07 00:00:00$w2023-09-07$yPER
=999  \\$d21635

