=LDR  02034nam a22002297a 4500
=001  21636
=008  230907s1980\\\\|||gh|||\||||\00|\0beng\d
=041  \\$aeng$hdut
=100  \\$1http://www.wikidata.org/entity/Q1382965$4aut$aDunning, Albert$d1936-2005$914862
=245  \\$aCount Unico Wilhelm van Wassenaer (1692-1766):$bA Master unmasked or the Pergolesi-Ricciotti Puzzle solved
=260  \\$aBuren$bKnuf$c1980
=300  \\$a33-128-[26] pages
=500  \\$aUnico van Wassenaar probably composed these pieces between 1725 and 1740 for the house concerts he and Count Willem Bentinck organised for a limited audience of noblemen. They were published in 1740 by Ricciotti in The Hague with a dedication to Count Willem Bentinck, though without any mention of the composer. Presumably Unico van Wassenaar himself was not convinced of his musical talent. All this caused confusion around the paternity of these compositions until 1980. The research done by the musicologist Albert Dunning about this matter, was very convincing.

All six concertos are characterised by great harmonic richness and melodic inventiveness with an Italianising influence. Each concerto contains four movements with two fast and two slow movements each. The compositions charm the listener with their striking sonority, alternating between lyrical passages and moments of reflection and dynamic-dancing movements.
=600  \0$1http://www.wikidata.org/entity/Q497638$aWassenaer, Unico Wilhelm van$cGraaf$d1692-1766$915413
=600  \0$1http://www.wikidata.org/entity/Q185312$aPergolesi, Giovanni Battista$d1710-1736$94761
=650  \0$1http://www.wikidata.org/entity/Q36834$aComposer$93625
=650  \0$1http://www.wikidata.org/entity/Q846047$aMusic history$921373
=650  \0$1http://www.wikidata.org/entity/Q9748$aConcerto$921817
=700  \\$4trl$aRimmer, Joan$921275
=942  \\$cBOO
=952  \\$00$10$2ddc$40$6BIO_WASS_E$70$8BIO$922911$aORPH$bORPH$cKTS1_P$d2020-07-08$eKoopman$i14H56$l0$oBIO WASS e$p20126358$r2023-09-07 00:00:00$w2023-09-07$yBOO
=999  \\$d21636

