=LDR  01545cam a22002774a 4500
=001  21638
=008  020712s2001\\\\gw\ah\\\\b\\\\001\0\ger\\
=020  \\$a3795209579
=041  \\$ager
=100  \\$1http://www.wikidata.org/entity/Q104322982$4edt$4cmm$aGoebl-Streicher, Uta$911170
=245  04$aDas Stammbuch der Nannette Stein, 1787-1793:$bStreiflichter auf Kultur und Gesellschaft in Augsburg und Süddeutschland im ausgehenden 18. Jahrhundert
=260  \\$aTutzing$bSchneider$c2001
=300  \\$a2 vols. ([286]+231 pages)$coblong
=500  \\$aNannette Streicher (née Anna-Maria Stein; 1769-1833) was a German piano maker, composer, music educator, writer and a close friend of Ludwig van Beethoven.
=504  \\$aIncludes bibliographical references (v. 2, p. 199-212) and indexes.
=505  0\$avol. 1: Faksimile -- vol. 2: Text
=600  \0$aStein, Nannette$d1769-1833$1http://www.wikidata.org/entity/Q114520$924666
=648  \0$1http://www.wikidata.org/entity/Q7015$a18th Century (1701-1800)$920899
=650  \0$aGenealogy$1http://www.wikidata.org/entity/Q47307$921635
=650  \0$aBiography$1http://www.wikidata.org/entity/Q36279$91927
=650  \0$aMusic history$1http://www.wikidata.org/entity/Q846047$921373
=650  \0$aPiano$1http://www.wikidata.org/entity/Q5994$92127
=651  \0$aGermany$1http://www.wikidata.org/entity/Q183$9155
=942  \\$cBOO
=952  \\$00$10$2ddc$40$6BIO_STEI2_B$70$8BIO$922913$aORPH$bORPH$cKTS1_P$d2020-07-08$eKoopman$i13K02$l0$oBIO STEI2 b$p20127125$r2023-09-07 00:00:00$w2023-09-07$yBOO
=999  \\$d21638

