=LDR  01540cam a2200253 i 4500
=001  21639
=008  810219s1962\\\\ne\afh\\\bc\\\000\0\mul\\
=041  \\$adut$alat
=100  \\$aVossius, Gerardus Joannes$d1577-1649$1http://www.wikidata.org/entity/Q785925$4aut$96738
=240  10$aLibellus memorialis complectens, quos libros alijs dederim utendos, 1644-1649
=245  14$aHet uitleenboekje van Vossius
=260  \\$aAmsterdam$bNoord-Hollandsche Uitgeversmaatschappij$c1962
=300  \\$a22 pages$b20 plates
=500  \\$aFacsimile edition of the 'Libellus memorialis complectens, quos libros alijs dederim utendos' 1644-1649 (RK III H 40). With a foreword by W. Gs. Hellinga, an introduction by C.S.M. Rademaker and a commentary by P. Tuynman. This booklet appeared on the occasion of the exhibition 'Waar Vondel boeken lenen', Amsterdam, October 1962, under the patronage of the Dr P.A. Tiele Foundation.
=561  \\$aEx libris prof. Maartje Draak (stamp)
=600  \0$aVossius, Gerardus Joannes$d1577-1649$1http://www.wikidata.org/entity/Q785925$96738
=650  \0$aCultural history$1http://www.wikidata.org/entity/Q858517$922395
=650  \0$aTheology$1http://www.wikidata.org/entity/Q34178$93009
=650  \0$aManuscript$1http://www.wikidata.org/entity/Q87167$92275
=700  \\$4win$913402$aRademaker, C. S. M.
=700  \\$4cmm$920860$aTuynman, P.
=942  \\$cBOO
=952  \\$00$10$2ddc$40$6BIO_VOSS1_A$70$8BIO$922914$aORPH$bORPH$cKTS1_P$d2020-07-08$eKoopman$i13B19$l0$oBIO VOSS1 a$r2023-09-07 00:00:00$w2023-09-07$yBOO
=999  \\$d21639

