=LDR  01504nam a22002057a 4500
=001  21640
=008  230907r19641556|||h||||\||||\00|\0\fre\d
=041  \\$afre
=100  \\$1http://www.wikidata.org/entity/Q2085980$4aut$aJambe de Fer, Philibert$d1515-1572$925777
=245  \\$al'Epitome musical de Philibert Jambe de Fer (1556)
=260  \\$aNeuilly-sur-Seine$bSociété de musique d'autrefois$c1964
=300  \\$a[6]-74 pages
=500  \\$aPhilibert Jambe de Fer (fl. 1548–1564) was a French Renaissance composer of religious music. This composer is only known from his publications. The first known publication is a chanson for 4 voices (a motet), which dates from 1548. It appeared in print in Lyon, just like his last known composition (1564). In 1564 he composed the music for the 'Arrival' of King Charles IX, to whom he also dedicated his psalms. In his theoretical work' Epitome musical, des tons, sons, et accordz...Violes & violons' (1556) the instrument we now call a violin is described for the first time in musical history.
=500  \\$aExtrait des Annales Musicologiques, Tome VI
=650  \0$1http://www.wikidata.org/entity/Q8355$aViolin$92783
=650  \0$1http://www.wikidata.org/entity/Q193544$aMusic theory$92662
=700  \\$1http://www.wikidata.org/entity/Q2426092$4win$aLesure, François$917727
=942  \\$cBOO
=952  \\$00$10$2ddc$40$6BIO_JAMB_E$70$8BIO$922915$aORPH$bORPH$cKTS1_P$d2020-07-08$eKoopman$i13A06$l0$oBIO JAMB e$p20126061$r2023-09-07 00:00:00$w2023-09-07$yBOO
=999  \\$d21640

