=LDR  01072nam a22002177a 4500
=001  21641
=008  230907s1928\\\\||||||||\m|||\00|\0bger\d
=041  \\$ager
=100  1\$4aut$926468$aMartin, Johannes
=245  \\$aDie Kirchenkantaten Johannes Kuhnaus
=260  \\$aLeipzig$bNoske$c1928
=300  \\$a70 pages$bloose sheets in a cardboard folder
=500  \\$aInaugural-Dissertation zur Erlangung der Doktorwürde genehmigt von der Philosophischen Fakultät der Friedrich-Wilhelms-Universität zu Berlin; 12 Oktober 1928
=600  \0$1http://www.wikidata.org/entity/Q157359$aKuhnau, Johann$d1660-1722$95086
=650  \0$1http://www.wikidata.org/entity/Q36834$aComposer$93625
=650  \0$1http://www.wikidata.org/entity/Q174873$aCantata$921603
=650  \0$1http://www.wikidata.org/entity/Q8812109$aChurch music$92283
=651  \0$1http://www.wikidata.org/entity/Q183$aGermany$9155
=942  \\$cBOO
=952  \\$00$10$2ddc$40$6BIO_KUHN1_E$70$8BIO$922916$aORPH$bORPH$cKTS1_P$d2020-07-08$eKoopman$i33G06$l0$oBIO KUHN1 e$p20122695$r2023-09-07 00:00:00$w2023-09-07$yDIS
=999  \\$d21641

