=LDR  00935aam a2200217   4500
=001  21643
=005  20251003085500.0
=008  230619q1938\\\\|||hg|||\||||\00|\0dger\d
=041  \\$ager
=100  \\$aDeutsch, Otto Erich$d1883-1967$910702$4edt
=245  \\$aMozarts Werkverzeichnis 1784-1791
=260  \\$aVienna$bReichner
=300  \\$a32 pages$e28 folios facsimile
=600  \0$1http://www.wikidata.org/entity/Q254$aMozart, Wolfgang Amadeus$d1756-1791$95341
=648  \0$1http://www.wikidata.org/entity/Q7015$a18th Century (1701-1800)$920899
=650  \0$1http://www.wikidata.org/entity/Q36834$aComposer$93625
=650  \0$1http://www.wikidata.org/entity/Q2352616$aCatalogue$921484
=651  \0$1http://www.wikidata.org/entity/Q40$aAustria$9202
=942  \\$cBOO
=952  \\$00$10$2ddc$40$6BIO_MOZA1_C$70$8BIO$922918$aORPH$bORPH$cKTS1_P$d2020-07-08$eKoopman$i13I46$l0$oBIO MOZA1 c$p20126421$r2023-09-07 00:00:00$w2023-09-07$yBOO
=999  \\$d21643

