=LDR  00978cam a2200205u  4500
=001  21644
=008  831116r1972\\\\gw\ah\\\\\\\\\000\0bger\\
=041  \\$ager
=100  1\$aGeier, Martin$d1614-1680$4aut$926469
=245  10$aKurze beschreibung des (tit.) herrn Heinrich Schützens chur-fürstl. sächs, ältern capellmeisters geführten müheseeligen lebens-lauff
=260  \\$aKassel$bBarenreiter-verlag$c1972
=300  \\$a[12]-[2] pages
=600  \0$aSchütz, Heinrich$d1585-1672$1http://www.wikidata.org/entity/Q153643$97240
=648  \0$1http://www.wikidata.org/entity/Q7016$a17th Century (1601-1700)$920923
=650  \0$1http://www.wikidata.org/entity/Q36834$aComposer$93625
=650  \0$1http://www.wikidata.org/entity/Q36279$aBiography$91927
=700  \\$4aft$aBerke, Dietrich$914859
=942  \\$cBOO
=952  \\$00$10$2ddc$40$6BIO_SCHU5_D$70$8BIO$922919$aORPH$bORPH$cKTS1_P$d2020-07-08$eKoopman$i14G17$l0$oBIO SCHU5 d$p20126236$r2023-09-07 00:00:00$w2023-09-07$yBOO
=999  \\$d21644

