=LDR  00998nab a22002177a 4500
=001  21645
=008  230907s1955\\\\|||gao||\||||\00|\0ddut\d
=041  \\$adut
=245  \\$aMozart
=260  \\$aUtrecht$bHet Spectrum$c1955
=300  \\$a[71]-[20] pages
=490  \\$aMens en melodie, algemeen maandblad voor muziek$v10de Jg. Nr. 12
=600  \0$1http://www.wikidata.org/entity/Q254$aMozart, Wolfgang Amadeus$d1756-1791$95341
=650  \0$1http://www.wikidata.org/entity/Q36834$aComposer$93625
=650  \0$1http://www.wikidata.org/entity/Q846047$aMusic history$921373
=650  \0$1http://www.wikidata.org/entity/Q623282$aLegacy$922131
=700  \\$1http://www.wikidata.org/entity/Q1966898$4edt$aPaap, Wouter$c1908-1981$913122
=700  \\$1http://www.wikidata.org/entity/Q1230276$4edt$aKunst, Jaap$d1891-1960$917215
=942  \\$cPER
=952  \\$00$10$2ddc$40$6BIO_MOZA1_F$70$8BIO$922920$aORPH$bORPH$cKTS1_P$d2020-07-08$eKoopman$l0$oBIO MOZA1 f$p20145756$r2023-09-07 00:00:00$w2023-09-07$yPER
=999  \\$d21645

