=LDR  02738ccm a22003015a 4500
=001  21648
=008  941012r19921601nyumdlf\\\\\\\\n\\\\eng\d
=041  \\$aeng
=100  \\$1http://www.wikidata.org/entity/Q438141$4edt$aMorley, Thomas$d1557-?1603$95578
=240  \\$aTriumphes of Oriana
=245  00$aMadrigales:$bthe Triumphes of Oriana, to 5. and 6. voices
=250  \\$afacs. ed.
=260  \\$aNew York$bPerformers' Facs.$c1992
=300  \\$a6 parts
=490  \\$aPerformers' Facsimiles$v63
=500  \\$aFor cantus, altus, tenor, quintus, bassus, and in the final 11 works sextus.
=500  \\$aComposed in honor of Elizabeth I.
=500  \\$aPublisher's no.: Performers' Editions 29063.
=505  0\$aHence stars you dazell but the sight / Michael Este -- With angells face and brightnesse / Daniell Norcome -- Lightly she whipped o're ye dales / John Mundy -- Long live faire Oriana / Ellis Gibbons -- All creatures now are merry / John Benet -- Faire Oriana beauties queene / John Hilton -- The nymphs and shepherds danced / George Marson -- Calme was the aire / Richard Carlton -- Thus bonny bootes the birth day / John Holmes -- Sing shepherds all / Richard Nicolson -- The faunes and satirs tripping / Thomas Tomkins -- Come gentle swaines / Michaell Cavendish -- Withdraw your selves yee shepherds / William Cobbold -- Arise awake you silly shepherds sleeping / Thomas Morley -- Faire nymphes I heard one telling / John Farmer -- The lady Oriana / John Wilbye -- Hark! Hark, did you ever heare so sweet a singing? / Thomas Hunt -- As Vesta was from Latmos Hill descending / Thomas Weelkes -- Fair Oriana in the morne / John Milton -- Round about her charret with all admiring straines / Ellis Gibbons -- With angells face and brightnesse / George Kirbye -- Fair Oriana seeming to wink at folly / Robert Jones -- Faire Citharea presents her doves / John Lisley -- Hard by a christall fountaine / Thomas Morley -- Come blessed byrd and with thy finger rellish / Edward Johnson.
=534  \\$aReprint. Originally published: In London : Printed by Thomas Este, the assigne of Thomas Morley, 1601. From the exemplar in the John Herrick Jackson Music Library, Yale University.
=590  \\$acomposed by diuers seuerall aucthors
=600  04$aElizabeth$bI,$cQueen of England,$d1533-1603$vSongs and music.
=648  \0$1http://www.wikidata.org/entity/Q7016$a17th Century (1601-1700)$920923
=650  \0$aMadrigal$1http://www.wikidata.org/entity/Q193217$921649
=651  \0$1http://www.wikidata.org/entity/Q21$aUnited Kingdom$9273
=942  \\$cSCO
=952  \\$00$10$2ddc$40$6SCO_MISC_MORL$70$8SCO$922923$aORPH$bORPH$cKTS1_H$d2020-07-08$eKoopman$i13G25$l0$oSCO MISC MORL$p20124925$r2023-09-07 00:00:00$w2023-09-07$ySCO
=999  \\$d21648

