=LDR  00875ncm a22001937a 4500
=001  21651
=008  230911s1980\\\\|||||l||\||||\00|\0\fre\d
=041  \\$afre
=100  \\$4col$926470$aSarret, Mlle. de
=245  \\$aTrois pièces de Recueil de clavecin de mademoiselle de Sarret (vers 1765)
=260  \\$aLanguedoc$bSociété de Musicologie du Languedoc$c1980
=300  \\$a9 pages
=648  \0$1http://www.wikidata.org/entity/Q7015$a18th Century (1701-1800)$920899
=650  \0$1http://www.wikidata.org/entity/Q81982$aHarpsichord$92125
=650  \0$1http://www.wikidata.org/entity/Q639197$aInstrumental music$92106
=651  \0$1http://www.wikidata.org/entity/Q206221$aLanguedoc (France)$922990
=942  \\$cSCO
=952  \\$00$10$2ddc$40$6SCO_MISC$70$8SCO$922926$aORPH$bORPH$cKTS1_H$d2020-07-08$eKoopman$i13D53$l0$oSCO MISC$p20126090$r2023-09-11 00:00:00$w2023-09-11$ySCO
=999  \\$d21651

