=LDR  01229ccm a2200253u  4500
=001  21653
=008  840214s1985\\\\ne\ah\\\\\\\\\000\0\dut\\
=041  \\$aeng
=100  1\$aVerrijt, Jan Baptist$dc. 1600/10-1650$1http://www.wikidata.org/entity/Q1861227$4cmp$926472
=240  \\$aop. 5
=245  10$aEighteen Motets from 'Flammae Divinae' [1649]:$bFor Two and Three Parts with Organ Continuo
=260  \\$aAmsterdam$bVereniging voor Nederlandse Muziekgeschiedenis$c1985
=300  \\$axiii-104-[1] pages
=490  \\$aMonumenta Musica Neerlandica$vXVI
=648  \0$1http://www.wikidata.org/entity/Q7016$a17th Century (1601-1700)$920923
=650  \0$aVocal music$1http://www.wikidata.org/entity/Q685884$93319
=650  \0$aMotet$1http://www.wikidata.org/entity/Q188285$92028
=650  \0$aOrgan$1http://www.wikidata.org/entity/Q1444$92810
=650  \0$aBasso continuo$1http://www.wikidata.org/entity/Q724321$921065
=651  \0$1http://www.wikidata.org/entity/Q55$aNetherlands$9173
=700  \\$4edt$913020$aNoske, Frits$d1920-1993
=942  \\$cSCO
=952  \\$00$10$2ddc$40$6SCO_MISC_NOSK$70$8SCO$922928$aORPH$bORPH$cKTS1_H$d2020-07-08$eKoopman$iW. 1463$l0$oSCO MISC NOSK$p20121846$r2023-09-11 00:00:00$w2023-09-11$ySCO
=999  \\$d21653

