=LDR  03404ncm a22002657a 4500
=001  21654
=008  230911t1986\\\\|||||l||\||||\00|\0\mul\d
=041  \\$aeng$dita$eita
=059  \\$avv ch orch
=100  \\$1http://www.wikidata.org/entity/Q552272$aBertali, Antonio$d1605-1669$4cmp$921538
=245  \\$aLe Strage degl'Innocenti
=260  \\$aNew York$bGarland$c1986
=300  \\$a[8]-52 pages$bmodern paper photocopy of the orginal$coblong
=490  \\$aThe Italian Oratorio 1650-1800 Works in a Central Baroque and Classic Tradition$v10
=500  \\$aPartial photocopy of the original facsimile edition, which also contained Ziani's "Il sacrifizio d'Isacco"
=500  \\$aLa strage degl'Innocenti (the slaughter of the children) is Bertali's only surviving oratorio. It has been preserved in a single fair copy in the 'bedchamber collection' of Emperor Leopold I and is now kept in the music collection of the Austrian National Library in Vienna. The work is dated 1665 and was presumably first performed in the Hofburgkapelle of the imperial court. For the oratorio's first part, the anonymous librettist adapted a scene from Giambattista Marino's epic poem La strage degl'Innocenti, although only a single line from it is quoted verbatim. It portrays King Herod amidst his counsellors, in fear of being deposed in favour of the new boy king who was allegedly born in his kingdom. Whilst the first two counsellors confirm Herod's rage and advise him to go ahead with the planned slaughter of the children, the third counsellor warns Herod against the consequences of such cruelty and the folly of acting against the divine plan. Having silenced the third counsellor, Herod and his ministers proceed to the massacre. The second half of the libretto focuses on three mothers lamenting their children's fate whilst Herod's soldiers draw near. All tears being in vain, the killing goes ahead. The final chorus bewails the dying children and submits that heaven will take it's revenge in time. Whilst Bertali tends to write conservatively in his liturgical works, he shows himself as more progressive in his oratorio. He creates extended coherent musical units by using musical cross-references and repeats (e.g. tracks 21-24 and 27); some passages are rhetorically daring such as the short trio (track 29) in which the three mothers' anger is illustrated through noticeable contrapuntal errors. Frequent use of chromaticism and diminished intervals serve as means of text expression, such as the threefold begging gesture "senti, senti, Signore" on a falling tritone which punctuates the recitative of the third counsellor (track 20). Bertali's mastery becomes fully apparent in the remarkable final chorus in which imitative madrigal style is finely balanced by homophonic writing, and chromatic density by harmonic commonplaces. 
=648  \0$1http://www.wikidata.org/entity/Q7016$a17th Century (1601-1700)$920923
=650  \0$1http://www.wikidata.org/entity/Q85477$aOratorio$91825
=650  \0$1http://www.wikidata.org/entity/Q9174$aReligion$93062
=651  \0$1http://www.wikidata.org/entity/Q1741$aVienna (Austria)$920937
=700  \\$4edt$926473$aJohnson, Joyce L.
=700  \\$4edt$914117$aSmither, Howard E.
=942  \\$cSCO
=952  \\$00$10$2ddc$40$6SCO_BERT$70$8SCO$922929$aORPH$bORPH$cKTS1_P$d2020-07-08$eKoopman$i13G47$l0$oSCO BERT$p20124903$r2023-09-11 00:00:00$w2023-09-11$ySCO
=999  \\$d21654

