=LDR  03077ncm a2200445 a 4500
=001  21655
=005  20250605144202.0
=008  920619t1990\\\\ne\uume\\\\\\\\n\\\\\\\\\
=010  \\$a   92761826 
=020  \\$a906853050X
=040  \\$aDLC$cDLC
=050  00$aM5.B55$bC5 1990
=059  \\$alute fl ob vn vc viol
=110  2\$aBibliothèque royale Albert Ier.$kManuscript.$nII 4089.
=245  10$aChamber music of the 18th century :$bfor lute, transverse flute, oboe, violin, cello & viola da gamba : Brussel Koninklijke Bibliotheek ms II 4089.
=260  \\$aPeer$bAlamire$cc1990
=300  \\$a1-5 parts (11 v.), 4 v. of music$c34 cm
=440  \0$aFacsimile series for scholars and musicians
=500  \\$aFacsimile edition of Lute music and parts for lute in tablature.
=500  \\$aCover title.
=500  \\$aReproduces (5% or 7% reduction) of mss. in the Royal Library, Brussels (II 4089, formerly Fétis 2914).
=505  0\$a1. Concerto â due liuti obligati & basso / Corignani (3 parts) -- 2. Concerti à 4, liuto, traverso, viola di gamba e basso / Meussel (4 parts) -- 3. Concerto a 4, liuto, viola da gamba, hautbois overo violino e violoncello / Meussel (5 parts) -- 4. Concerto à liuto, viola di gamba et basso / (Johann Michael?) Kühnel (3 parts) -- 5. Concerto à liuto, viola da gamba con basso / Kühnel (3 parts) -- 6. Concerto á liuto, viola di gamba & violono / Kühnel (3 parts) -- 7. Concerto a liuto, violino & basso / Blohm (2 parts) -- 8. Galanterie : per il liuto solo / Blohm -- 9. Concerto : galanterie / NN (violin and bass parts) -- 10. Trietto à liuto obligato, violino & basso / Pichler (lute part) -- 11. Concerto D-Dur ; Partie D-Dur. Ouverture ; Courante (beginning) / NN (lute part) -- 12. Partie per il liuto solo / Blohm -- 13. Galanterie : à liuto solo / Bleditsch -- 14. Galanterie : à liuto solo / Blohm -- 15. Concerto à IV, liuto, volino Imo, violino IIdo e violoncello / (Wolff Jacob) Lauffensteiner (4 parts).
=648  \0$1http://www.wikidata.org/entity/Q7015$a18th Century (1701-1800)$920899
=650  \0$aTrios (Lutes (2), continuo)$xParts.
=650  \0$aConcertos (Lute with instrumental ensemble)$xParts.
=650  \0$aTrios (Lute, violin, continuo)$xParts.
=650  \0$aLute music.
=650  \0$aConcertos (Lute with string ensemble)$xParts.
=651  \0$1http://www.wikidata.org/entity/Q239$aBrussels (Belgium)$937
=700  \\$4cmp$926474$aCorignani 
=700  \\$4cmp$926475$aMeussel
=700  \\$4cmp$aKühnel, Johann Michael$d1670-1728$926476
=700  \\$4cmp$aPichler, Johann Conrad Melchior $d1695-1776$1http://www.wikidata.org/entity/Q75135392$926477
=700  \\$4cmp$aBlohm$926478
=700  \\$4cmp$926479$aBleditsch 
=700  \\$4cmp$aLauffensteiner, Wolff Jakob $d1675-1754$1http://www.wikidata.org/entity/Q8030013$926480
=906  \\$a7$bcbc$corignew$d3$encip$f19$gy-genmusic
=942  \\$cSCO
=952  \\$00$10$2ddc$40$6SCO_MISC_SCHR$70$8SCO$922930$aORPH$bORPH$cKTS1_H$d2020-07-08$eKoopman$i13E108$l0$oSCO MISC SCHR$p20121925$r2023-09-11 00:00:00$w2023-09-11$ySCO
=999  \\$d21655

