=LDR  03420acb a2200325   4500
=001  21657
=005  20250926134859.0
=008  220901s1847\\\\|||||a||\||||\00|\0\ger\d
=041  \\$ager
=059  \\$aorg
=100  \\$aBach, Johann Sebastian$d1685-1750$4cmp$1http://www.wikidata.org/entity/Q1339$94766
=240  \\$aChorale Preludes
=245  \\$aGrössere und Kunstreichere Choralvorspiele über Melodien von K bis Z
=260  \\$aThe Hague$bCorrespondance Musicale$c1847
=300  \\$a111 pages [but pages 33-44 and 69-84 are missing]$bpages in a green linen covered box, not complete
=490  \\$aJohann Sebastian Bach's Compositionen für die Orgel$vvol. 7
=500  \\$aDutch reprint of Leipzig: Peters, 1845 (see 15D01 and elsewhere)
=500  \\$aplate number 1195
=505  \\$gKomm, Gott, Schöpfer, heiliger Geist BWV 667
Komm, heiliger Geist, Herre Gott BWV 651
Komm, heiliger Geist, Herre Gott BWV 652
Kommst du nun, Jesu, vom Himmel herunter BWV 650
Kyrie, Gott Vater in Ewigkeit BWV 669
Christe, aller Welt Trost BWV 670
Kyrie, Gott heiliger Geist BWV 671
Kyrie, Gott Vater in Ewigkeit BWV 672
Christe, aller Welt Trost BWV 673
Kyrie, Gott heiliger Geist BWV 674
Magnificat BWV 733
Meine Seele erhebt den Herren BWV 648
Nun danket alle Gott BWV 657
Nun freut euch, lieben Christen g`mein BWV 734
Nun komm, der Heiden Heiland BWV 659
Nun komm, der Heiden Heiland BWV 660
Nun komm, der Heiden Heiland BWV 661
O Lamm Gottes, unschuldig BWV 656
Schmücke dich, o lieb Seele BWV 654
Valet will ich dir geben BWV 735
Valet will ich dir geben BWV 736
Vater unser im Himmelreich BWV 682
Vater unser im Himmelreich BWV 737
Vom Himmel hoch da komm ich her BWV 701
Vom Himmel hoch da komm ich her BWV 700
Von Gott will ich nicht lassen BWV 658
Wachet auf, ruft uns die Stimme BWV 645
Wenn wir in höchsten Nöten sein BWV 668
Wer nur den lieben Gott läßt walten BWV 647
Wir glauben all` an einen Gott, Schöpfer BWV 680
Wir glauben all` an einen Gott, Schöpfer BWV 681
Wir glauben all` an einen Gott, Vater BWV 740
Wo soll ich fliehen hin BWV 646
Komm, Gott, Schöpfer, heilger Geist BWV 667
Komm, heilger Geist, Herre Gott BWV 651a
Komm, heilger Geist, Herre Gott BWV 652a
Nun freut euch, lieben Christen g`mein BWV 734a
Nun komm, der Heiden Heiland BWV 659a
Nun komm, der Heiden Heiland BWV 660a
Nun komm, der Heiden Heiland BWV 660b
Nun komm, der Heiden Heiland BWV 661a
O Lamm Gottes, unschuldig BWV 656a
Valet will ich dir geben BWV 735a
Von Gott will ich nicht lassen BWV 658a
=590  \\$aKritisch-korrecte Ausgabe
=648  \0$a18th Century (1701-1800)$1http://www.wikidata.org/entity/Q7015$920899
=650  \0$aOrgan music$1http://www.wikidata.org/entity/Q2003283$91951
=650  \0$aChorale prelude$1http://www.wikidata.org/entity/Q302987$926339
=651  \0$aGermany$1http://www.wikidata.org/entity/Q183$9155
=700  \\$4edt$aGriepenkerl, Friedrich Conrad$d1782-1849$1http://www.wikidata.org/entity/Q1460491$95363
=700  \\$4edt$aRoitzsch, Friedrich August$d1805-1889$1http://www.wikidata.org/entity/Q59627908$95364
=856  \\$uhttps://vmirror.imslp.org/files/imglnks/usimg/e/e8/IMSLP788797-PMLP801031-Bach_Organ_Works_volume_7.pdf$3later version of this edition
=942  \\$cSCO
=952  \\$00$10$2ddc$40$6KTS_1_000000000000000_C3_28_09K14_7$70$8RAR$922932$aORPH$bORPH$cKTS1_C3$d2020-07-08$eKoopman$l0$oKTS1 C3.28 09K14_7$p20145773$r2023-09-11 00:00:00$w2023-09-11$ySCO
=999  \\$d21657

