=LDR  01353ncc a22001217a 4500
=001  21658
=008  230912m\\\\\\\\|||||le|\||||\00|\0\fre\d
=245  \\$aH. Mirabaud
=500  \\$aCollection of dances (Quadrilles, Contredanses, Galops and Valses)
=505  \\$gSon nom ! .... Quadrille de contredanses sur des romances de Mlle Loïsa Puget, pour le piano avec accomp. de violon, flute, flageolet et cornet à pistons (ad libitum) --  Deux quadrilles, sur les motifs du Postillon de Lonjumeau d'Adolphe Adam par Julien pour piano avec Acc. de Violon, Flûte, Flageolet ou Cornet à Piston, ad. Lib: par Marmontel -- Deux quadrilles de contredanses sur les motifs de l'opéra de Mercadante i Briganti, 1e quadrille -- Deux quadrilles de contredanses, une valse & une galop pour le piano, avec acc. de violon, flûte, flagéolet ou cornet à pistons ad libitum, aux motifs du Cheval de Bronze de D. F. E. Auber, 1er Quadrille et Valse -- Deux quadrilles de contredanses, une valse & une galop pour le piano, avec acc. de violon, flûte, flagéolet ou cornet à pistons ad libitum, aux motifs du Cheval de Bronze de D. F. E. Auber, 2me quadrille et galop 

=942  \\$cSCO
=952  \\$00$10$2ddc$40$6KTS_1_000000000000000_C3_29_09K38AE$70$8RAR$922935$aORPH$bORPH$cKTS1_C3$d2020-07-08$eKoopman$l0$oKTS1 C3.29 09K38a-e$p20145762$r2023-09-12 00:00:00$w2023-09-12$ySCO
=999  \\$d21658

