=LDR  01514acb a2200265   4500
=001  21660
=008  230912b\\\\\\\\|||||l||\||||\00|\0\ger\d
=041  \\$ager
=059  \\$av
=100  \\$aMozart, Wolfgang Amadeus$d1756-1791$4cmp$1http://www.wikidata.org/entity/Q254$95341
=240  \\$aCanons KV 560b, 553, 556, 558, 509a/232, 561, 382c/231, 382a/229, Anh.134/440d/410, Anh.284d, 507, Anh.109-xii/Anh.284b, 508, 515b/228-ii, 382b/230, Anh.284e/235
=245  \\$a[16 Canons]
=260  \\$aLeipzig$bBreitkopf & Härtel
=300  \\$a31 pages$boblong, worn cover, several items bound together
=490  \\$aOeuvres Complettes de Wolfgang Amadeus Mozart$vvol. 16
=500  \\$aThis set of 16 canons comes from the Oeuvres Complettes de Wolfgang Amadeus Mozart Band XVI, it is page 54-84.
=501  \\$aBound in with XXX Gesange and another set of Canons from other volumes of the series Oeuvres Complettes de Wolfgang Amadeus Mozart
=648  \0$1http://www.wikidata.org/entity/Q7015$a18th Century (1701-1800)$920899
=650  \0$aSong$1http://www.wikidata.org/entity/Q7366$94164
=650  \0$aCanon$1http://www.wikidata.org/entity/Q53831$92130
=650  \0$aSinging$1http://www.wikidata.org/entity/Q27939$92767
=856  4\$uhttps://digibib.mozarteum.at/ismretroverbund/content/pageview/3233031
=942  \\$cSCO
=952  \\$00$10$2ddc$40$6KTS_1_000000000000000_C3_29_09K56C$70$8RAR$922942$aORPH$bORPH$cKTS1_C3$d2020-07-08$eKoopman$l0$oKTS1 C3.29 09K56c$p20145800c$r2023-09-12 00:00:00$w2023-09-12$ySCO
=999  \\$d21660

