=LDR  00823cam a2200181u  4500
=001  21661
=008  840830s1970\\\\nl\h\\\\\\\\\\000\0\fre\\
=041  \\$afre
=100  \\$aKalkbrenner, Friedrich$d1784-1849$1http://www.wikidata.org/entity/Q170270$4aut$95135
=245  10$aTraité d'harmonie du pianiste. Principes rationnels de la modulation
=260  \\$aAmsterdam$bEdition Heuwekemyer$c1970
=300  \\$a63 pages
=650  \0$aKeyboard$1http://www.wikidata.org/entity/Q901207$923503
=650  \0$aHarmony$1http://www.wikidata.org/entity/Q184421$92358
=650  \0$aMethod$1http://www.wikidata.org/entity/Q2250960$921402
=942  \\$cBOO
=952  \\$00$10$2ddc$40$6INS_3_000000000000000_3C_KALK$70$8INS$922951$aORPH$bORPH$cKTS0$d2020-07-08$eKoopman$i14I22$l0$oINS3.3c KALK$p20126274$r2023-09-22 00:00:00$w2023-09-22$yBOO
=999  \\$d21661

