=LDR  01268cam a22002531  4500
=001  21662
=005  20251103124736.0
=008  001214r17972006nl\h\\\\\\\\\\000\0\ger\\
=041  \\$ager
=050  00$aMT222$b.M587
=051  \\$aMicrofilm Music 5000 Item M-125, Reel 138$cMicrofilm. Washington, D.C. : Library of Congress, [1983]. 1 microfilm reel ; 35 mm. On reel with other titles.
=100  1\$aMilchmeyer, Johan Peter$q(Johann Peter),$d1750-1813$4aut$926512
=245  14$aDie wahre Art das Pianoforte zu spielen. Meinhold, Dresden 1797
=260  \\$aDresden$aUtrecht$bMeinhold$bMusica Repartita$c1797$c2006
=300  \\$aiv-72 pages$c23 x 33 cm.
=500  \\$aPhotocopied facsimile 
=648  \0$1http://www.wikidata.org/entity/Q7015$a18th Century (1701-1800)$920899
=650  \0$aPiano$1http://www.wikidata.org/entity/Q5994$92127
=650  \0$aKeyboard$1http://www.wikidata.org/entity/Q901207$923503
=650  \0$aMethod$1http://www.wikidata.org/entity/Q2250960$921402
=650  \0$aMusical interpretation$1http://www.wikidata.org/entity/Q1668139$94533
=942  \\$cBOO
=952  \\$00$10$2ddc$40$6INS_3_000000000000000_3C_MILC$70$8INS$922952$aORPH$bORPH$cKTS0$d2020-07-08$eKoopman$i13I33$l0$oINS3.3c MILC$p20126434$r2023-09-22 00:00:00$w2023-09-22$yBOO
=999  \\$d21662

