=LDR  00976nam a22001937a 4500
=001  21664
=008  230922r18011979ne\h||||\||||\00|\0\mul\d
=041  \\$ager$deng
=100  \\$4aut$aStreicher, Johann Andreas$d1761-1833$1http://www.wikidata.org/entity/Q500837$924472
=245  \\$aKurze Bemerkungen über das Spielen, Stimmen und Erhalten der Fortepiano, welche von Nanette Streicher geboren Stein in Wien
=260  \\$aThe Hague$bLelieveld$c1801$c1979
=300  \\$a40 pages
=610  \0$1http://www.wikidata.org/entity/Q21504891$aStreicher family$924473
=648  \0$1http://www.wikidata.org/entity/Q6955$a19th Century (1801-1900)$920935
=650  \0$1http://www.wikidata.org/entity/Q5994$aPiano$92127
=650  \0$1http://www.wikidata.org/entity/Q901207$aKeyboard$923503
=942  \\$cBOO
=952  \\$00$10$2ddc$40$6INS_3_000000000000000_3C_STRE$70$8INS$922954$aORPH$bORPH$cKTS0$d2020-07-08$eKoopman$i14C50$l0$oINS3.3c STRE$p20126162$r2023-09-22 00:00:00$w2023-09-22$yBOO
=999  \\$d21664

