=LDR  00995nam a22002177a 4500
=001  21665
=008  230922r18791970it\h||||\||||\00|\0\ita\d
=041  \\$aita
=100  \\$1http://www.wikidata.org/entity/Q53407091$4aut$aValdrighi, Luigi-Francesco$922358
=245  \\$aMusurgiana. Scràndola - Pianoforte - Salterio
=260  \\$aModena$aBologna$bOlivari$bForni Editore$c1879$c1970
=300  \\$a520 pages
=490  \\$aBibliotheca Musica Bononiensis$vSezione III N. 14
=500  \\$aAnastatic copy 
=648  \0$1http://www.wikidata.org/entity/Q6955$a19th Century (1801-1900)$920935
=650  \0$1http://www.wikidata.org/entity/Q5994$aPiano$92127
=650  \0$1http://www.wikidata.org/entity/Q901207$aKeyboard$923503
=650  \0$1http://www.wikidata.org/entity/Q899293$aOrganology$921400
=942  \\$cBOO
=952  \\$00$10$2ddc$40$6INS_3_000000000000000_3C_VALD$70$8INS$922955$aORPH$bORPH$cKTS0$d2020-07-08$eKoopman$i14D05$l0$oINS3.3c VALD$p20124687$r2023-09-22 00:00:00$w2023-09-22$yBOO
=999  \\$d21665

