=LDR  00878nam a22001937a 4500
=001  21677
=008  231003r18521989|||h||||\||||\00|\0\ger\d
=041  \\$ager
=100  1\$4aut$926552$aKinkel, Johanna$d1810-1858
=245  \\$aAcht Briefe on eine Freundin über Klavier-Unterricht
=260  \\$aStuttgard und Tübingen$aUngarn$bGottascher Verlag$c1852$c1989
=300  \\$a84 pages
=648  \0$1http://www.wikidata.org/entity/Q6955$a19th Century (1801-1900)$920935
=650  \0$1http://www.wikidata.org/entity/Q2250960$aMethod$921402
=650  \0$1http://www.wikidata.org/entity/Q5994$aPiano$92127
=650  \0$1http://www.wikidata.org/entity/Q52954$aKeyboard instrument$92849
=942  \\$cBOO
=952  \\$00$10$2ddc$40$6INS_3_000000000000000_3C_KINK$70$8INS$922971$aORPH$bORPH$cKTS0$d2020-07-08$eKoopman$i13A08$l0$oINS3.3c KINK$p20126059$r2023-10-03 00:00:00$w2023-10-03$yBOO
=999  \\$d21677

