=LDR  01061ccm a2200229 a 4500
=001  21678
=008  860520r19821838sz\stz\\\\\\\\\\\\\\\\\\\
=020  \\$a2826606832
=048  \\$aka01
=050  00$aMT222$b.H955 1982
=100  \\$aHummel, Johann Nepomuk$d1778-1837$1http://www.wikidata.org/entity/Q151953$4aut$911746
=240  10$aAusführliche theoretisch-practische Anweisung zum Pianoforte-Spiel
=245  10$aMéthode complète théorique et pratique pour le piano-forte
=260  \\$aGenève $aParis$bMinkoff Reprint$c1981$c1838
=300  \\$aiii-468 pages$c31 cm.
=500  \\$aReprint. Originally published: Paris : A. Farrenc, 1838.
=650  \0$aPiano$1http://www.wikidata.org/entity/Q5994$92127
=650  \0$aMethod$1http://www.wikidata.org/entity/Q2250960$921402
=650  \0$aKeyboard music$1http://www.wikidata.org/entity/Q105715630$921412
=942  \\$cBOO
=952  \\$00$10$2ddc$40$6INS_3_000000000000000_3C_HUMM$70$8INS$922973$aORPH$bORPH$cKTS0$d2020-07-08$eKoopman$i14K04$l0$oINS3.3c HUMM$p20124874$r2023-10-03 00:00:00$w2023-10-03$yBOO
=999  \\$d21678

