=LDR  00834nam a22001937a 4500
=001  21679
=008  231004r1803\\\\nl\h||||\||||\00|\0\fre\d
=041  \\$afre
=100  \\$1http://www.wikidata.org/entity/Q193673$4aut$aClementi, Muzio$d1752-1832$95350
=245  \\$aMéthode pour le Pianoforte
=260  \\$aParis$aRotterdam$bMusica Antica Archives$c1803$c1986
=300  \\$a64 pages
=500  \\$aFacsimile edition
=648  \0$1http://www.wikidata.org/entity/Q6955$a19th Century (1801-1900)$920935
=650  \0$1http://www.wikidata.org/entity/Q5994$aPiano$92127
=650  \0$1http://www.wikidata.org/entity/Q2250960$aMethod$921402
=942  \\$cBOO
=952  \\$00$10$2ddc$40$6INS_3_000000000000000_3C_CLEM$70$8INS$922974$aORPH$bORPH$cKTS0$d2020-07-08$eKoopman$i11E85$l0$oINS3.3c CLEM$p20121947$r2023-10-04 00:00:00$w2023-10-04$yBOO
=999  \\$d21679

