=LDR  01088nam a22002057a 4500
=001  21680
=008  231004r18051988gw\h||||\||||\00|\0\ger\d
=041  \\$ager
=245  \\$aClavier-Stimmbuch oder, Deutliche Anweisung wie jeder Musikfreund sein Clavier-Flügel, Forte-Piano und Flügel-Fortepiano selbst stimmen, repariren, und bestmöglichst gut erhalten könne.$bHerausgegeben von Gall
=260  \\$aWien$aUngarn$bCarl Kupffer$bAntiquariat-Verlag$c1805$c1988
=300  \\$a129 pages
=500  \\$aFacsimile edition
=648  \0$1http://www.wikidata.org/entity/Q6955$a19th Century (1801-1900)$920935
=650  \0$1http://www.wikidata.org/entity/Q2250960$aMethod$921402
=650  \0$1http://www.wikidata.org/entity/Q899293$aOrganology$921400
=650  \0$1http://www.wikidata.org/entity/Q5994$aPiano$92127
=650  \0$1http://www.wikidata.org/entity/Q52954$aKeyboard instrument$92849
=942  \\$cBOO
=952  \\$00$10$2ddc$40$6INS_3_000000000000000_3C_GALL$70$8INS$922975$aORPH$bORPH$cKTS0$d2020-07-08$eKoopman$i13I40$l0$oINS3.3c GALL$p20126427$r2023-10-04 00:00:00$w2023-10-04$yBOO
=999  \\$d21680

