=LDR  01066cam a2200241u  4500
=001  21681
=005  20250918090457.0
=008  860508r19781783sz\ah\\\\\\\\\000\0\fre\\
=041  \\$afre
=100  \\$aCorrette, Michel$d1707-1795$1http://www.wikidata.org/entity/Q982378$4aut$97384
=240  10$aBelle vielleuse
=245  13$aLa belle vielleuse.$bMéthode pour apprendere Facilement à Jouer de la Vielle
=260  \\$aParis$aGeneva$bMinkoff$c1984
=300  \\$a50 pages
=500  \\$aFacsimile edition
=648  \0$a18th Century (1701-1800)$1http://www.wikidata.org/entity/Q7015$920899
=650  \0$aVielle$1http://www.wikidata.org/entity/Q843679$922318
=650  \0$aHurdy-gurdy$1http://www.wikidata.org/entity/Q207821$93534
=650  \0$aMethod$1http://www.wikidata.org/entity/Q2250960$921402
=651  \0$aFrance$1http://www.wikidata.org/entity/Q142$9131
=942  \\$cBOO
=952  \\$00$10$2ddc$40$6INS_4_000000000000000_6C_CORR$70$8INS$922976$aORPH$bORPH$cKTS0$d2020-07-08$eKoopman$i14C59$l0$oINS4.6c CORR$p20126153$r2023-10-04 00:00:00$w2023-10-04$yBOO
=999  \\$d21681

