=LDR  00879nam a22001697a 4500
=001  21682
=008  231004s1991\\\\gw\a||||\||||\00|\0\ger\d
=041  \\$ager
=245  \\$aSaiten und ihre Herstellung in Vergangenheit und Gegenwart.$bBericht über das 9. Symposium zu Fragen des Musikinstrumentenbaus. Michaelstein, 11./12. November 1988
=260  \\$aMichaelstein$aBlankenburg$c1991
=300  \\$a145 pages
=650  \0$1http://www.wikidata.org/entity/Q192096$aBowed string instrument$92398
=710  \\$1http://www.wikidata.org/entity/Q154804$4edt$aKarl-Marx-Universität (Leipzig, Germany)$921107
=710  2\$4edt$aMusikinstrumenten-Museum der Karl-Marx-Universität (Leipzig, Germany)$926566
=942  \\$cBOO
=952  \\$00$10$2ddc$40$6INS_4A$70$8INS$922981$aORPH$bORPH$cKTS0$d2020-07-08$eKoopman$iTs Michst Streichen$l0$oINS4a$p20145884$r2023-10-04 00:00:00$w2023-10-04$yBOO
=999  \\$d21682

