=LDR  01395aac a2200241   4500
=001  21683
=008  231006m16221627|||a||||\||||\00|\0\dut\d
=041  \\$adut
=100  \\$aCats, Jacob$d1577-1660$4aut$1http://www.wikidata.org/entity/Q46151$95081
=245  \\$aDichtwerken van Jacob Cats
=260  \\$c1622-27
=300  \\$a7 vols. in 1
=500  \\$aThis volume contains seven works by Jacob Cats. The back features a 19th-century decoration
=505  \\$ga: Proteus ofte Minne-beelden verandert in Sinne-beelden -- b: Emblemata (in linguam anglicam transfusa) -- c: Emblemata moralia et æconomia -- d Argumentum Phyllis Anna -- e Galathee ofte harder minne-klachte -- f Self-strydt -- g Toneel van de mannelicke achtbaerheyt
=648  \0$1http://www.wikidata.org/entity/Q7016$a17th Century (1601-1700)$920923
=650  \0$aPoetry$1http://www.wikidata.org/entity/Q482$93026
=650  \0$aMoral education$1http://www.wikidata.org/entity/Q25457248$93171
=650  \0$aEmblem$1http://www.wikidata.org/entity/Q112110$93250
=651  \0$1http://www.wikidata.org/entity/Q55$aNetherlands$9173
=856  \\$uhttps://babel.hathitrust.org/cgi/pt?id=uiuc.2341441&view=1up&seq=7$3Hathi Trust
=942  \\$cBOO
=952  \\$00$10$2ddc$40$6KTS_1_000000000000000_C3_32_02E01$70$8RAR$922982$aORPH$bORPH$cKTS1_C3$d2020-07-08$eKoopman$l0$oKTS1 C3.32 02E01$p20145897$r2023-10-06 00:00:00$w2023-10-06$yBOO
=999  \\$d21683

