=LDR  01079cam a2200241 a 4500
=001  21686
=008  900309r19881680nl\ah\\\\\\\\\000\0\lat\\
=020  \\$a9060275896
=020  \\$a9060275888 (pbk.)
=041  0\$alat
=100  \\$aBulyovszky, Mihály$b-1711$4aut$926605
=245  10$aBrevis de emendatione organi musici tractatio.$bKurze Vorstellung von Verbesserung des Orgelwerkes
=260  \\$aBuren $bFrits Knuf$c1988$c1680
=300  \\$a121 pages$bill. $c19 cm
=490  \\$aBibliotheca Organologica$vVolume 68
=500  \\$aLatin and German. Facsimile edition
=500  \\$aReprint. Originally published: Argentorati: Apud J. E. Zetznerum, 1680.
=650  \0$aOrgan$1http://www.wikidata.org/entity/Q1444$xConstruction$vEarly works to 1800.$92810
=650  \0$aTemperament$1http://www.wikidata.org/entity/Q55073971$921656
=700  \\$aWilliams, Peter$d1937-2016$4edt$915535
=942  \\$cBOO
=952  \\$00$10$2ddc$40$6INS_3_000000000000000_1B$70$8INS$922988$aORPH$bORPH$cKTS0$d2020-07-08$eKoopman$i13B26$l0$oINS3.1b$p20124486$r2023-10-16 00:00:00$w2023-10-16$yBOO
=999  \\$d21686

