=LDR  00919nam a22001937a 4500
=001  21687
=008  231016s1996\\\\-uka||||\||||\00|\0\eng\d
=041  \\$aeng
=100  \\$aRimbault, Edward Francis$d1816-1876$1http://www.wikidata.org/entity/Q2565796$4aut$98164
=245  \\$aThe Early English Organ Builders and Their Works. From the Fifteenth Century to the Period of the Great Rebellion
=260  \\$aOxford$bPositif$c1996
=300  \\$a111 pages
=648  \0$aPast$1http://www.wikidata.org/entity/Q192630$922196
=650  \0$aOrgan$1http://www.wikidata.org/entity/Q1444$92810
=650  \0$aOrganology$1http://www.wikidata.org/entity/Q899293$921400
=651  \0$aUnited Kingdom$1http://www.wikidata.org/entity/Q21$9273
=942  \\$cBOO
=952  \\$00$10$2ddc$40$6INS_3_000000000000000_1B_GB$70$8INS$922989$aORPH$bORPH$cKTS0$d2020-07-08$eKoopman$i13H31$l0$oINS3.1b GB$p20124958$r2023-10-16 00:00:00$w2023-10-16$yBOO
=999  \\$d21687

