=LDR  01045nam a22002417a 4500
=001  21696
=008  231030s1979\\\\gw\a||||\||||\00|\0\ger\d
=041  \\$ager
=245  \\$aAnton Berger. Orgelentwürfe. Augsburg 1718
=260  \\$aBerlin$bVerlag Merseburger $c1979
=300  \\$a10 pages
=490  \\$a69. Veröffentlichung der Gesellschaft der Orgelfreunde
=500  \\$aLoose article in a folder
=600  \0$aBerger, Anton$dc. 1660-?$914307
=650  \0$aOrgan$1http://www.wikidata.org/entity/Q1444$92810
=650  \0$aOrganology$1http://www.wikidata.org/entity/Q899293$921400
=650  \0$aKeyboard instrument$1http://www.wikidata.org/entity/Q52954$92849
=651  \0$aAugsburg (Germany)$1http://www.wikidata.org/entity/Q2749$921699
=700  \\$aFischer, Hermann$d1928-2020$4edt$99804
=700  \\$aWohnhaas, Theodor$4edt$914308
=942  \\$cBOO
=952  \\$00$10$2ddc$40$6INS_3_000000000000000_1B_BERG$70$8INS$923009$aORPH$bORPH$cKTS0$d2020-07-08$eKoopman$i12EI07$l0$oINS3.1b BERG$p20121926$r2023-10-30 00:00:00$w2023-10-30$yART
=999  \\$d21696

