=LDR  01856nam a22002057a 4500
=001  21697
=008  231031m\\\\\\\\nl\af|||\||||\00|\0\dut\d
=041  \\$adut
=100  \\$aVarious$4aut$94793
=110  \\$aVerschueren family (Heythuysen and Ittervoort, Netherlands)$1http://www.wikidata.org/entity/Q2027477$4edt$926447
=245  \\$aOrgelnieuws Verschueren
=260  \\$aHeynthuysen$bVerchueren B.V.$cVarious
=300  \\$a11 vols (38+39+32+20+28+16+28+20+24+24+20) pages
=500  \\$aFolder containing the following:

1) Orgelnieuws. L. Verschueren B.V. Orgelbouw Opgericht 1891. Kerstmist 1972 - 2) Orgelnieuws. L. Verschueren B.V. Orgelbouw Opgericht 1891. Kerstmist 1972. Mei 1972 - 3) Orgelnieuws. L. Verschueren B.V. Orgelbouw Opgericht 1891. Kerstmist 1972. Pinksteren 1973 - 4) Orgelnieuws. L. Verschueren B.V. Orgelbouw Opgericht 1891. January 1963 - 5) Orgelnieuws. L. Verschueren B.V. Orgelbouw Opgericht 1891. Maart 1971 - 6) Orgelnieuws. L. Verschueren B.V. Orgelbouw Opgericht 1891. Pinksternummer - 7) Orgelnieuws. L. Verschueren B.V. Orgelbouw Opgericht 1891. Oktober 1971 - 8) Orgelnieuws. L. Verschueren B.V. Orgelbouw Opgericht 1891. September 1970 - 9) Orgelnieuws. L. Verschueren B.V. Orgelbouw Opgericht 1891. December 1968 - 10) Orgelnieuws. L. Verschueren B.V. Orgelbouw Opgericht 1891. Maart 1974 - 11) Orgelnieuws. L. Verschueren B.V. Orgelbouw Opgericht 1891. Oktober 1967.
=610  \0$aVerschueren family (Heythuysen and Ittervoort, Netherlands)$1http://www.wikidata.org/entity/Q2027477$926447
=650  \0$aOrgan$1http://www.wikidata.org/entity/Q1444$92810
=651  \0$aNetherlands$1http://www.wikidata.org/entity/Q55$9173
=942  \\$cPER
=952  \\$00$10$2ddc$40$6INS_3_000000000000000_1B_VERS$70$8INS$923012$aORPH$bORPH$cKTS0$d2020-07-08$eKoopman$iT5$l0$oINS3.1b VERS$p20129502$r2023-10-31 00:00:00$w2023-10-31$yPER
=999  \\$d21697

