=LDR  00972nam a22002177a 4500
=001  21698
=008  231031r\\\\1698||||||||\||||\00|\0\fre\d
=041  \\$afre
=100  \\$aLoulié, Étienne$d1654-1702$1http://www.wikidata.org/entity/Q289847$4aut$917063
=245  \\$aÉléments ou Principes de musique mis dans un nouvel ordre
=260  \\$aAmsterdam$bRoger$c1698
=500  \\$aPhotocopy
=534  \\$aOriginally published in 1696
=648  \0$a17th Century (1601-1700)$1http://www.wikidata.org/entity/Q7016$920923
=650  \0$aMusic theory$1http://www.wikidata.org/entity/Q193544$92662
=650  \0$aTempo$1http://www.wikidata.org/entity/Q189214$92723
=650  \0$aMetronome$1http://www.wikidata.org/entity/Q156424$922225
=651  \0$aFrance$1http://www.wikidata.org/entity/Q142$9131
=942  \\$cBOO
=952  \\$00$10$2ddc$40$6TRE_LOUL$70$8TRE$923032$aORPH$bORPH$cKTS1_H$d2020-07-08$eKoopman$i14K10$l0$oTRE LOUL$p20124869$r2023-10-31 00:00:00$w2023-10-31$yBOO
=999  \\$d21698

