=LDR  01149nam a22002417a 4500
=001  21709
=005  20250918090457.0
=008  231113r17411980sz\h||||\||||\00|\0\fre\d
=041  \\$afre
=245  \\$aMéthode théorique et pratique pour apprendre en peu de temps le violoncelle dans sa perfection; Méthode de Violoncelle
=260  \\$aGeneva$bMinkoff$c1980
=300  \\$a46+110 pages
=500  \\$aFacsimiles of the cello methods written by Corrette and Raoul
=534  \\$aOriginally published in 1741 (Corrette) and 1797 (Raoul)
=648  \0$a18th Century (1701-1800)$1http://www.wikidata.org/entity/Q7015$920899
=650  \0$aMethod$1http://www.wikidata.org/entity/Q2250960$921402
=650  \0$aCello$1http://www.wikidata.org/entity/Q8371$92688
=651  \0$aFrance$1http://www.wikidata.org/entity/Q142$9131
=700  \\$aCorrette, Michel$d1707-1795$1http://www.wikidata.org/entity/Q982378$4aut$97384
=700  \\$aRaoul, Jean-Marie$4aut$926670
=942  \\$cBOO
=952  \\$00$10$2ddc$40$6INS_4_000000000000000_3C$70$8INS$923046$aORPH$bORPH$cKTS0$d2020-07-08$eKoopman$i14I26$l0$oINS4.3c$p20126269$r2023-11-13 00:00:00$w2023-11-13$yBOO
=999  \\$d21709

