=LDR  01865nam a22002537a 4500
=001  21710
=008  231113s1781\\\\|||ag|||\||||\00|\0\ita\d
=041  \\$aita
=100  1\$aCatalisano, Gennaro$d1728-1793$1http://www.wikidata.org/entity/Q41568712$4aut$926671
=245  \\$aGrammatica-Armonica Fisico-Matematica
=250  \\$a1st ed.
=260  \\$aRome$bGiunchi$c1781
=300  \\$a[xxxii]-166 pages$bengraved illustrations on and after titlepage, contains fold-out plate at page 127 and 15 fold-out sheets with music at the end, bound in vellum with gilt vignet on back
=500  \\$aMainly about harmony. Book is divided in short chapters or lessons/subjects/rules.
=500  \\$aGennaro Catalisano was a theologian, priest and musician from Palermo, working in Rome in the second half of the 18th c. 
=590  \\$aRagionata su i veri principj fondamentali teorico-pratici. Per uso della Gioventù Studiosa, e di qualunque Musicale Radunanza. Composta dal M.R.P. Gennaro Catalisano Palermitano. Dell'Ordine de'Minimi, Maestro di Cappella della Chiesa Nzaionale di S. Andrea delle Fratte in Rome, e di tutto il suo Ordine; Professore in S. Teologia; Predicatore, e Teologo dell'Eminentissimo Sig. Cardinale GIO: FRANCESCO ALBANI Decano del Sagro Collegio &c. &c.
=648  \0$a18th Century (1701-1800)$1http://www.wikidata.org/entity/Q7015$920899
=650  \0$aHarmony$1http://www.wikidata.org/entity/Q184421$92358
=650  \0$aMusic theory$1http://www.wikidata.org/entity/Q193544$92662
=651  \0$aItaly$1http://www.wikidata.org/entity/Q38$922
=856  \\$uhttps://books.google.be/books?id=uQeH3mgJBGUC&pg=PR3#v=onepage&q&f=false$3Google Books
=942  \\$cBOO
=952  \\$00$10$2ddc$40$6KTS_1_000000000000000_C3_36_08F14$70$8RAR$923047$aORPH$bORPH$cKTS1_C3$d2020-07-08$eKoopman$l0$oKTS1 C3.36 08F14$p20146007$r2023-11-13 00:00:00$w2023-11-13$yBOO
=999  \\$d21710

