=LDR  02068nam a22003857a 4500
=001  21711
=005  20250918090457.0
=008  231113s1998\\\\fr\h||||\||||\00|\0\fre\d
=041  \\$afre
=245  \\$aVioloncelle: Méthodes et Traités - Dictionnaires - Préfaces des Oeuvres
=250  \\$aFac-Similé Jean-Marc Fuzeau
=260  \\$aParis$bFuzeau$c1998
=300  \\$a260 pages
=490  \\$aMéthodes & Traités 2$vSérie I
=500  \\$aContains facsimiles of cello methods and cello-related texts by Brossard, Corrette, Ancelet, Lepin, Cupis, Tillière, Azaïs, Laborde, Framery and Ginguené, Raoul.
=648  \0$a17th Century (1601-1700)$1http://www.wikidata.org/entity/Q7016$920923
=648  \0$a18th Century (1701-1800)$1http://www.wikidata.org/entity/Q7015$920899
=650  \0$aCello$1http://www.wikidata.org/entity/Q8371$92688
=650  \0$aMethod$1http://www.wikidata.org/entity/Q2250960$921402
=651  \0$aFrance$1http://www.wikidata.org/entity/Q142$9131
=700  \\$aSaint-Arroman, Jean$4edt$918782
=700  \\$aLescat, Philippe$4edt$926672
=700  \\$aBrossard, Sébastien de$d1655-1730$1http://www.wikidata.org/entity/Q1026865$4aut$99920
=700  \\$aCorrette, Michel$d1707-1795$1http://www.wikidata.org/entity/Q982378$4aut$97384
=700  \\$aAncelet$4aut$927550
=700  \\$aLepin, Henri Noël$d1766-1849$4aut$927551
=700  \\$aCupis, François$d1732-1808$1http://www.wikidata.org/entity/Q19945015$4aut$927549
=700  \\$aTillière, Joseph$4aut$927552
=700  \\$aAzaïs, Pierre Hyacinthe$d1743-1796$4aut$927553
=700  \\$aLa Borde, Jean-Benjamin de$d1734-1794$1http://www.wikidata.org/entity/Q932694$4aut$94871
=700  \\$aFramery, Nicolas Étienne$d1745-1810$1http://www.wikidata.org/entity/Q1986373$4aut$96369
=700  \\$aRaoul, Jean-Marie$d1766-1837$1http://www.wikidata.org/entity/Q21192908$4aut$926670
=942  \\$cBOO
=952  \\$00$10$2ddc$40$6INS_4_000000000000000_3C$70$8INS$923048$aORPH$bORPH$cKTS0$d2020-07-08$eKoopman$i13E87$l0$oINS4.3c$p20121945$r2023-11-13 00:00:00$w2023-11-13$yBOO
=999  \\$d21711

