=LDR  00788nam a22001937a 4500
=001  21722
=005  20251003085500.0
=008  231116s2001\\\\it\\||||\||||\00|\0\mul\d
=041  \\$aita$aeng
=100  \\$aHoffmann, Bettina$4aut$921452
=245  \\$aCatalogo della musica solistica e cameristica per viola da gamba.
=246  \1$aCatalog of solo and chamber music for viola da gamba
=260  \\$aLucca$bLim$c2001
=300  \\$a254 pages
=650  \0$aCatalogue$1http://www.wikidata.org/entity/Q2352616$921484
=650  \0$aViola da gamba$1http://www.wikidata.org/entity/Q96066477$93955
=942  \\$cBOO
=952  \\$00$10$2ddc$40$6INS_4_000000000000000_5A_HOFF$70$8INS$923065$aORPH$bORPH$cKTS0$d2020-07-08$eKoopman$i23F03$l0$oINS4.5a HOFF$p20128910$r2023-11-16 00:00:00$w2023-11-16$yBOO
=999  \\$d21722

