=LDR  00850nam a22001817a 4500
=001  21723
=008  231116r16871972sz\gh|||\||||\00|\0\fre\d
=041  \\$afre
=100  \\$aSieur Danoville$4aut$926699
=245  \\$aL'art de toucher le dessus et basse de violle.$bContenant tout ce qu'il y a de nécessaire, d'utile & de curieux dans cette Science.
=260  \\$aParis$aGeneva$bMinkoff Reprint$c1687$c1972
=300  \\$a48 pages
=650  \0$aMethod$1http://www.wikidata.org/entity/Q2250960$921402
=650  \0$aBasso continuo$1http://www.wikidata.org/entity/Q724321$921065
=650  \0$aViola da gamba$1http://www.wikidata.org/entity/Q96066477$93955
=942  \\$cBOO
=952  \\$00$10$2ddc$40$6INS_4_000000000000000_5C_DANO$70$8INS$923066$aORPH$bORPH$cKTS0$d2020-07-08$eKoopman$i13I39$l0$oINS4.5c DANO$p20126428$r2023-11-16 00:00:00$w2023-11-16$yBOO
=999  \\$d21723

