=LDR  02852asm a2200421   4500
=001  21733
=008  211025b\\\\\\\\|||||l||\||||\00|\0\fre\d
=041  \\$afre
=059  \\$apf
=245  \\$a[Collection of Overtures and Other Pieces arranged for Pianoforte]
=505  \\$gOuverture du Jeune Henri Chasse. Arrangée pour le forté piano par l'auteur / Étienne-Nicolas Méhul -- Ouverture d'Iphigenie [en Aulide]. Arrangée pour clavecin ou forte-piano avec accompagnement de violon ad libitum / Christoph Willibald Gluck, Pierre-Antoine César -- Ouverture de la Caravane [du Caire]. Arrangée pour le clavecin ou le forte-piano avec violon ad libitum / André Grétry, Pierre-Antoine César -- Bataille de Maringo. Pièce militaire et historique pour le forte piano avec accompagnement de violon et basse / Bernard Viguerie -- Les Folies d'Espagne, air du célèbre Corelli avec douze nouvelles variations pour le piano-forté / Arcangelo Corelli, Jean-Jacques Beauvarlet-Charpentier -- Trois romances avec accompagnement de piano ou harpe / A. Gobert
=648  \0$a18th Century (1701-1800)$1http://www.wikidata.org/entity/Q7015$920899
=648  \0$a19th Century (1801-1900)$1http://www.wikidata.org/entity/Q6955$920935
=650  \0$aPiano$1http://www.wikidata.org/entity/Q5994$92127
=650  \0$aArrangement$1http://www.wikidata.org/entity/Q379755$94282
=650  \0$aMusic theater$1http://www.wikidata.org/entity/Q96394452$92065
=650  \0$aad lib bezetting$3a, b, c, d, e$020137450$w2.6E+023$928466
=650  \0$ablokfluit$3e$020137450$w2.6E+023$929645
=650  \0$aboekprijs$3a, b, c, d, e$020137450$w2.6E+023$929701
=650  \0$amuziekautomaten$3e$020137450$w2.6E+023$935067
=650  \0$anotatieproblemen$3d$020137450$w2.6E+023$935285
=650  \0$aoude muziek vroeger$3e$020137450$w2.6E+023$935658
=650  \0$adynamiek$3a$020137450$w2.6E+023$931346
=650  \0$afolia$3e$020137450$w2.6E+023$931797
=650  \0$aharp$3e, f$020137450$w2.6E+023$932582
=650  \0$ahoboriet$3e$020137450$w2.6E+023$932814
=650  \0$aklavecimbel_Frankrijk 18e eeuw$3e$020137450$w2.6E+023$933487
=650  \0$aserpent$3e$020137450$w2.6E+023$939067
=651  \0$aParis (France)$1http://www.wikidata.org/entity/Q90$9160
=653  \\$acluster$3d$020137450$w2.6E+023$930557
=653  \\$aCousineau$3a$020137450$w2.6E+023$930816
=653  \\$aDecombe$3e$020137450$w2.6E+023$930979
=653  \\$aErard$3e$020137450$w2.6E+023$931499
=653  \\$afortepiano - orgel: één instrument$3e$020137450$w2.6E+023$931833
=856  \\$uhttps://drive.google.com/drive/folders/10DeceG_Td_12ifUSsi-K9FpwNLXWTfFv$3Koopman Digital
=942  \\$cSCO
=952  \\$00$10$2ddc$40$6KTS_1_000000000000000_C1_40_26E22$70$8RAR$923091$aORPH$bORPH$cKTS1_C1$d2020-07-08$eKoopman$l0$oKTS1 C1.40 26E22$p20137450$r2023-12-12 00:00:00$w2023-12-12$ySCO
=999  \\$d21733

