=LDR  02433cam a2200289 a 4500
=001  21765
=005  20250120120933.0
=008  930126r19751514sp\a\\\\\\\\\\000\0\spa\d
=010  \\$a   93107288 
=020  \\$a8400016092
=040  \\$aOI
=041  \\$aspa
=100  \\$aRojas, Fernando de$d1465-1541$1http://www.wikidata.org/entity/Q353841$4aut$926950
=245  10$aTragicomedia de Calixto y Melibea
=246  \1$aLa Celestina
=260  \\$aMadrid$b1975$cEspasa-Calpe
=300  \\$a16-[140] pages$billustrations
=520  \\$aThe Tragicomedy of Calisto and Melibea (Spanish: Tragicomedia de Calisto y Melibea), known in Spain as La Celestina, is a work entirely in dialogue published in 1499. It is attributed to Fernando de Rojas, a descendant of converted Jews, who practiced law and, later in life, served as an alderman of Talavera de la Reina, an important commercial center near Toledo.

The book is considered to be one of the greatest works of all Spanish literature. La Celestina is usually regarded as marking the end of the medieval period and the beginning of the Renaissance in Spanish literature. Although usually regarded as a novel, it is written as a continuous series of dialogues and can be taken as a play, having been staged as such and filmed

The story tells of a bachelor, Calisto, who uses the old procuress and bawd Celestina to start an affair with Melibea, an unmarried girl kept in seclusion by her parents. Though the two use the rhetoric of courtly love, sex — not marriage — is their aim. When he dies in an accident, she commits suicide. The name Celestina has become synonymous with "procuress" in Spanish, especially an older woman used to further an illicit affair, and is a literary archetype of this character, the masculine counterpart being Pandarus. 
=534  \\$aPremiered in Burgos, 1499; first published in Salamanca, 1500$cValencia: Juan Joffre, 1514
=648  \0$a15th Century (1401-1500)$1http://www.wikidata.org/entity/Q7018$921015
=650  \0$aPlay (theater)$1http://www.wikidata.org/entity/Q25379$921414
=650  \0$aNovel$1http://www.wikidata.org/entity/Q8261$921629
=651  \0$aSpain$1http://www.wikidata.org/entity/Q29$920983
=700  \\$aRiquer, Martín de$4win$926951
=942  \\$cBOO
=952  \\$00$10$2ddc$40$6LIT_ROJA_A$70$8LIT$923127$aORPH$bORPH$cKM12_2_H$d2020-07-08$eKoopman$i13I42$l0$oLIT ROJA a$p20126425$r2024-01-10 00:00:00$w2024-01-10$yBOO
=999  \\$d21765

