=LDR  01199ncm a22002537a 4500
=001  21812
=008  240212s2020\\\\|||||l||\||||\00|\0\mul\d
=041  \\$aita$ager$aeng
=100  \\$aBenaglia, Lucio Mosè$4cmp$927090
=240  \\$aop. 20
=245  \\$aToccata, Adagio et Fuga super "Herr, du bist mein Leben" - Symbolum '77
=260  \\$aMunchen$bBenaglia$c2020
=300  \\$a23 pages
=500  \\$aFor more information and recordings, see: https://luciomosebenaglia.com/en/portfolio_page/toccata-adagio-et-fuga-super-herr-du-bist-mein-leben-gl-459-symbolum-77/
=500  \\$aDedication to Ton Koopman from the composer after the preface
=590  \\$aper organo/für Orgel/for organ
=650  \0$aOrgan$1http://www.wikidata.org/entity/Q1444$92810
=650  \0$aHymn$1http://www.wikidata.org/entity/Q484692$921333
=650  \0$aToccata$1http://www.wikidata.org/entity/Q140544$923527
=650  \0$aAdagio$1http://www.wikidata.org/entity/Q482153$922982
=650  \0$aFugue$1http://www.wikidata.org/entity/Q181014$93142
=942  \\$cSCO
=952  \\$00$10$2ddc$40$6SCO_BENA$70$8SCO$923185$aORPH$bORPH$cKTS1_P$d2020-07-08$eKoopman$l0$oSCO BENA$p20146272$r2024-02-12 00:00:00$w2024-02-12$ySCO
=999  \\$d21812

