=LDR  00871ncm a22002177a 4500
=001  21813
=008  240212s2020\\\\|||||l||\||||\00|\0\mul\d
=041  \\$aita$ager$aeng
=100  \\$aBenaglia, Lucio Mosè$4cmp$927090
=240  \\$aop. 6E
=245  \\$aJodlersuite
=260  \\$aMunchen$bBenaglia$c2020
=300  \\$a19 pages
=500  \\$aFor more information and recordings, see: https://luciomosebenaglia.com/en/portfolio_page/jodlersuite/
=500  \\$aDedication to Ton Koopman from the composer after the preface
=590  \\$aper organo/für Orgel/for organ
=650  \0$aOrgan$1http://www.wikidata.org/entity/Q1444$92810
=650  \0$aSuite$1http://www.wikidata.org/entity/Q203005$921718
=942  \\$cSCO
=952  \\$00$10$2ddc$40$6SCO_BENA$70$8SCO$923186$aORPH$bORPH$cKTS1_P$d2020-07-08$eKoopman$l0$oSCO BENA$p20146287$r2024-02-12 00:00:00$w2024-02-12$ySCO
=999  \\$d21813

