=LDR  00667ncm a22001817a 4500
=001  21816
=008  240212s2012\\\\|||||l||\||||\00|\0\ita\d
=024  \\$a9790216000277
=041  \\$aita
=100  \\$aRossi, Antonio$4cmp$927091
=245  \\$aSei contrapunti :$bper pianoforte$nvol. 2 (VII-XII)
=260  \\$aPerugia$bPrendinota$c2012
=300  \\$a44 pages
=650  \0$aCounterpoint$1http://www.wikidata.org/entity/Q186393$921487
=650  \0$aPiano$1http://www.wikidata.org/entity/Q5994$92127
=942  \\$cSCO
=952  \\$00$10$2ddc$40$6SCO_ROSS4$70$8SCO$923189$aORPH$bORPH$cKTS1_P$d2020-07-08$eKoopman$l0$oSCO ROSS4$p20146290$r2024-02-12 00:00:00$w2024-02-12$ySCO
=999  \\$d21816

