=LDR  00670ncm a22001817a 4500
=001  21817
=008  240212s2013\\\\|||||l||\||||\00|\0\ita\d
=024  \\$a9790216000727
=041  \\$aita
=100  \\$aRossi, Antonio$4cmp$927091
=245  \\$aSei contrapunti :$bper pianoforte$nvol. 3 (XIII-XVIII)
=260  \\$aPerugia$bPrendinota$c2013
=300  \\$a43 pages
=650  \0$aCounterpoint$1http://www.wikidata.org/entity/Q186393$921487
=650  \0$aPiano$1http://www.wikidata.org/entity/Q5994$92127
=942  \\$cSCO
=952  \\$00$10$2ddc$40$6SCO_ROSS4$70$8SCO$923190$aORPH$bORPH$cKTS1_P$d2020-07-08$eKoopman$l0$oSCO ROSS4$p20146291$r2024-02-12 00:00:00$w2024-02-12$ySCO
=999  \\$d21817

