=LDR  00767ncm a22001937a 4500
=001  21819
=008  240212s2013\\\\|||||l||\||||\00|\0\ita\d
=024  \\$a9790216000703
=041  \\$aita
=100  \\$aRossi, Antonio$4cmp$927091
=245  \\$aLe clavecin de Rameau :$bSuite en sol mineur pour clavecin
=260  \\$aPerugia$bPrendinota$c2013
=300  \\$a21 pages
=600  \0$aRameau, Jean-Philippe$d1683-1764$1http://www.wikidata.org/entity/Q1145$94787
=650  \0$aSuite$1http://www.wikidata.org/entity/Q203005$921718
=650  \0$aHarpsichord$1http://www.wikidata.org/entity/Q81982$92125
=942  \\$cSCO
=952  \\$00$10$2ddc$40$6SCO_ROSS4$70$8SCO$923192$aORPH$bORPH$cKTS1_P$d2020-07-08$eKoopman$l0$oSCO ROSS4$p20146294$r2024-02-12 00:00:00$w2024-02-12$ySCO
=999  \\$d21819

