=LDR  00959aam a2200241   4500
=001  21839
=005  20250925143310.0
=008  240311s1901\\\\||||||||\||||\00|\p\dut\d
=041  \\$adut
=100  \\$aHoog, G. C. van 't$d1869-1951$4aut$98122
=245  \\$aIris.$bVerzen
=250  \\$a1st ed.
=260  \\$aAmsterdam$bTierie & Kruyt$c1901
=300  \\$a66-[2] pages$bcarboard binding, linen cover and spine
=501  \\$aBound in with 'Geluk. Verzen'
=561  \\$aEx libris Braakman (manuscript)
=648  \0$a20th Century (1901-2000)$1http://www.wikidata.org/entity/Q6927$920936
=650  \0$aPoetry$1http://www.wikidata.org/entity/Q482$93026
=651  \0$aNetherlands$1http://www.wikidata.org/entity/Q55$9173
=773  \\$tGeluk$04044 $w4044 
=942  \\$cBOO
=952  \\$00$10$2ddc$40$6KTS_1_000000000000000_C3_51_26D05$70$8RAR$923237$aORPH$bORPH$cKTS1_C3$d2020-07-08$eKoopman$l0$oKTS1 C3.51 26D05$p20146385b$r2024-03-11 00:00:00$w2024-03-11$yBOO
=999  \\$d21839

