=LDR  02005aam a2200289   4500
=001  21841
=008  240319s1622\\\\|||a||||\||||\00|\p\dut\d
=041  \\$adut
=100  \\$aBredero, Gerbrand Adriaenszoon$d1585-1618$4aut$1http://www.wikidata.org/entity/Q560740$94858
=245  \\$aBoertigh, Amoreus en Aendachtigh Groot Lied-boeck
=246  \1$aGroot Lied-boeck van G.A. Brederode
=250  \\$a1st ed.
=260  \\$aAmsterdam$bPlasse, vander$c1622
=300  \\$a[xxx]-112-104-63 pages$boblong volume, bound in vellum, engraved titlepage and various other engraved illustrations, uses multiple font styles, consists of three parts
=500  \\$aContains three collections of songs/poems: humorous, amorous and devout.  
=501  \\$aPortrait of Brederode (with his motto 't kan verkeren') on page 17 of the unnumbered pages at the start.
=561  \\$aEx libris Seth Gaaikema (no bookplate ). Ton Koopman bought it from his legacy after Gaaikema's death, they knew each other well. 

=561  \\$aEx libris E.A. Veltman (bookplate)
=561  \\$aEx libris Antiquariaat Menno Hertzberger (small bookplate)
=590  \\$aVan G.A. Brederode, Amsterdammer. Verçierd met vele Klinckers, oock Bruyds-lof en Klaeg-Dichten. Door-mengeld met Sin-rijcke Beeltenissen. Alles tot vermaeck en nut der Ieughet, Sampt allen Lievers der Rijm-konst.
=648  \0$a17th Century (1601-1700)$1http://www.wikidata.org/entity/Q7016$920923
=650  \0$aPoetry$1http://www.wikidata.org/entity/Q482$93026
=651  \0$aAmsterdam (Netherlands)$1http://www.wikidata.org/entity/Q727$9135
=856  \\$uhttps://books.google.be/books?id=wlNkAAAAcAAJ&newbks=1&newbks_redir=0&dq=brederode%20boertigh%20amoreus%20en%20aendachtigh&pg=PP7#v=onepage&q=brederode%20boertigh%20amoreus%20en%20aendachtigh&f=false$3Google Books
=942  \\$cBOO
=952  \\$00$10$2ddc$40$6KTS_1_000000000000000_C3_53_G1022$70$8RAR$923239$aORPH$bORPH$d2020-07-08$eKoopman$l0$oKTS1 C3.53 G1-022$p20146438$r2024-03-19 00:00:00$w2024-03-19$yBOO
=999  \\$d21841

