=LDR  01840nam a22001097a 4500
=001  21842
=008  240319b\\\\\\\\||||||||\||||\00|\0\###\d
=245  \\$a[Programme und Jahresberichte Realschule zu Ohrdruf]
=505  \\$gProgramm der Realschule und des Progymnasiums zu Ohrdruf als Einladung zur Theilnahme an den am 18. und 19. März 1880 zu veranstaltenden Prüfungen sämmtlicher Classen der Anstalt -- Programm der Realschule und des Progymnasiums zu Ohrdruf als Einladung zur Theilnahme anden am 31. März 1882 zu veranstaltenden Prüfungen sämmtlicher Classen der Anstalt -- Programm der Realschule und des Progymnasiums zu Ohrdruf als Einladung zur Theilnahme anden am 4. April 1884 zu veranstaltenden Prüfungen sämmtlicher Klassen der Anstalt -- Programm der Gräflich Gleichenschen Gymnasium (Realprogymnasium und Progymnasium) zu Ohrdruf als Einladung zur Teilnahme an der am 5. April 1892 zu veranstaltenden öffentlichen Prüfung -- Jahresbericht des Gräflich Gleichenschen Gymnasiums ... zu Ohrdruf für das Schuljahr 1902/1903 -- Jahresbericht des Gräflich Gleichenschen Gymnasiums ... zu Ohrdruf für das Schuljahr 96 
Jahresbericht des Gräflich Gleichenschen Gymnasiums ... zu Ohrdruf für das Schuljahr 99 -- Jahresbericht des Gräflich Gleichenschen Gymnasiums ... zu Ohrdruf für das Schuljahr 1903/1904 -- Jahresbericht des Gräflich Gleichenschen Gymnasiums ... zu Ohrdruf für das Schuljahr 1906-1907 -- Jahresbericht der Realschule (Gräflich Gleichensche Stiftung) zu Ohrdruf für das Schuljahr 1912-1913 -- Jahresbericht der Realschule (Gräflich Gleichensche Stiftung) zu Ohrdruf für das Schuljahr 1913-1914
=942  \\$cPER
=952  \\$00$10$2ddc$40$6KTS_1_000000000000000_C3_53_G1024AK$70$8RAR$923240$aORPH$bORPH$cKTS1_C3$d2020-07-08$eKoopman$l0$oKTS1 C3.53 G1-024a-k$p20146432$r2024-03-19 00:00:00$w2024-03-19$yPER
=999  \\$d21842

