=LDR  01211aam a2200241   4500
=001  21844
=008  240320s1796\\\\||||||||\||||\00|\p\dut\d
=041  \\$adut
=100  1\$aUylenbroek, Pieter Johannes$d1748-1808$1http://www.wikidata.org/entity/Q84557311$4aut$927192
=245  \\$aOp het afsterven van Pieter Nieuwland.$bZangstuk
=260  \\$aAmsterdam$bUylenbroek$c1796
=300  \\$a[7] pages
=500  \\$aMusic (not included) by Bartholomeus Ruloffs
=500  \\$aPremiered at Felix Meritis, Amsterdam 2nd December 1796
=590  \\$aHoogleeraar aan's lands hooge school, te Leyden. Overleden den 14den van november 1794
=648  \0$a18th Century (1701-1800)$1http://www.wikidata.org/entity/Q7015$920899
=650  \0$aVocal music$1http://www.wikidata.org/entity/Q685884$93319
=650  \0$aPoetry$1http://www.wikidata.org/entity/Q482$93026
=650  \0$aEulogy$1http://www.wikidata.org/entity/Q249697$923846
=651  \0$aAmsterdam (Netherlands)$1http://www.wikidata.org/entity/Q727$9135
=942  \\$cBOO
=952  \\$00$10$2ddc$40$6KTS_1_000000000000000_C3_52_G1015F$70$8RAR$923243$aORPH$bORPH$cKTS1_C3$d2020-07-08$eKoopman$l0$oKTS1 C3.52 G1-015f$p20146444f$r2024-03-20 00:00:00$w2024-03-20$yBOO
=999  \\$d21844

