=LDR  01959aab a2200229   4500
=001  22050
=008  240613s1997\\\\||||||||\||||\00|\0\dut\d
=041  \\$adut
=245  \\$aMozart:$bMuzikaal Cultureel Bericht$nvol. 9, no. 2
=260  \\$aBeek-Ubbergen$bMozart(k)ring Gelre-Niederrhein$c1997
=505  \\$gWillem Spandau, hoornvirtuoos aan het hof van Willem V / H. Jeurissen -- Onze vereniging in beeld / F. Lange -- Waarom Schubert wel en Mozart niet met een Nederlandse postzegel werd bedacht: een onthutsend relaas / T. Gijsbers -- In memoriam Sviatoslav Richter, 1915-1997 / P. Vergeest -- Maatwerk voor een kaashandelaar: na twee eeuwen meer duidelijkheid over Mozarts hoornconcerten / M. J. Dongelmans -- Driemaal Mozart is scheepsrecht: het Groninger Mozart Ensemble najaar 1997 / redactie -- Cosi fan tutte: 'De school der liefde' gecensureerd... / S. Wijffels -- "Leven met Mozart": ons interview met prof. dr. Victor Westhoff / T. Gijsbers -- Nogmaals Dufy, een (onverwachte) Mozarthommage in Arnhem anno 1956 / T. Gijsbergs -- Mozart, even anders, ofwel: de bewerker bewerkt / E. von Holtz
=600  \0$aMozart, Wolfgang Amadeus$d1756-1791$1http://www.wikidata.org/entity/Q254$95341
=600  \0$aWeber, Constanze$d1763-1842$1http://www.wikidata.org/entity/Q84464$912883
=600  \0$aKoopman, Ton$d1944-$1https://orcid.org/0009-0005-0297-0216$1http://www.wikidata.org/entity/Q445121$910491
=648  \0$a18th Century (1701-1800)$1http://www.wikidata.org/entity/Q7015$920899
=650  \0$aConcerto$1http://www.wikidata.org/entity/Q9748$921817
=650  \0$aHorn$1http://www.wikidata.org/entity/Q163759$922458
=650  \0$aLegacy$1http://www.wikidata.org/entity/Q623282$922131
=651  \0$aSalzburg (Austria)$1http://www.wikidata.org/entity/Q34713$921433
=942  \\$cPER
=952  \\$00$10$2ddc$40$6BIO_MOZA1_F$70$8BIO$923370$aORPH$bORPH$cKTS1_P$d2020-07-08$eKoopman$i22C38a$l0$oBIO MOZA1 f$p20125691$r2024-06-13 00:00:00$w2024-06-13$yPER
=999  \\$d22050

