=LDR  00921nam a22002057a 4500
=001  22081
=008  240625s1986\\\\|||oa|||\||||\00|\0\dut\d
=041  \\$adut
=100  \\$aDewit, Herman$1http://www.wikidata.org/entity/Q50184599$4aut$910469
=245  \\$aMuziek op hakkebord en klompviool.$bVolksmuziek te kijk
=260  \\$aAmstelveen$bBuma/Stemra$c1986
=300  \\$a32 pages
=650  \0$aFolk music$1http://www.wikidata.org/entity/Q43343$921594
=650  \0$aWind instrument$1http://www.wikidata.org/entity/Q173453$94615
=650  \0$aBowed string instrument$1http://www.wikidata.org/entity/Q192096$92398
=651  \0$aNetherlands$1http://www.wikidata.org/entity/Q55$9173
=651  \0$aBelgium$1http://www.wikidata.org/entity/Q31$920881
=942  \\$cBOO
=952  \\$00$10$2ddc$40$6INS_1A_NL$70$8INS$923404$aORPH$bORPH$cKTS0$d2020-07-08$eKoopman$i21F51$l0$oINS1a NL$p20143624$r2024-06-25 00:00:00$w2024-06-25$yBOO
=999  \\$d22081

