=LDR  00743nam a22001817a 4500
=001  22092
=008  240626s1993\\\\|||o||||\||||\00|\0\dut\d
=041  \\$adut
=100  \\$aSeijbel, Maarten$4aut$916973
=245  \\$aHet Meere-Orgel in de Nederlands Hervormde Kerk van Epe
=260  \\$aElburg$bStichting tot behoude van het Nederlandse Orgel
=300  \\$a11 pages
=490  \\$aPublicatie nr. 38
=650  \0$aOrgan$1http://www.wikidata.org/entity/Q1444$92810
=651  \0$aEpe (Netherlands)$1http://www.wikidata.org/entity/Q238396$9200
=942  \\$cBOO
=952  \\$00$10$2ddc$40$6INS_3_000000000000000_1E_NL_EPE$70$8INS$923417$aORPH$bORPH$cKTS0$d2020-07-08$eKoopman$i29D18$l0$oINS 3.1e NL.EPE$p20130837$r2024-06-26 00:00:00$w2024-06-26$yBOO
=999  \\$d22092

