=LDR  00807nam a22001817a 4500
=001  22094
=008  240626s1993\\\\|||o||||\||||\00|\0\dut\d
=041  \\$adut
=100  \\$aStraten, Rudi van$1http://www.wikidata.org/entity/Q61741018$917530
=245  \\$aHet Orgel in de Hervormde Broederenkerk te Kampen$bVerslag van een restauratie
=260  \\$aElburg$bStichting tot Behoud van het Nederlandse Orgel
=300  \\$a15 pages
=490  \\$aPublicatie nr. 40
=650  \0$aOrgan$1http://www.wikidata.org/entity/Q1444$92810
=651  \0$aKampen (Netherlands)$1http://www.wikidata.org/entity/Q10014$925396
=942  \\$cBOO
=952  \\$00$10$2ddc$40$6INS_3_000000000000000_1E_NL_KAM$70$8INS$923419$aORPH$bORPH$cKTS0$d2020-07-08$eKoopman$i29D18$l0$oINS 3.1e NL.KAM$p20130839$r2024-06-26 00:00:00$w2024-06-26$yBOO
=999  \\$d22094

