=LDR  00699nam a22001817a 4500
=001  22095
=008  240626b\\\\\\\\|||a||||\||||\00|\0\pol\d
=041  \\$apol$ager
=245  \\$aOrgany Archikatedry sw. Jana w Warszawie
=246  \1$aDie Orgel in der Kathedrale zu Warschau
=260  \\$bEule$c1987?
=300  \\$a11 pages
=500  \\$aIn Polish and German
=650  \0$aOrgan$1http://www.wikidata.org/entity/Q1444$92810
=651  \0$aWarsaw (Poland)$1http://www.wikidata.org/entity/Q270$927493
=942  \\$cBOO
=952  \\$00$10$2ddc$40$6INS_3_000000000000000_1E_PL_WAR$70$8INS$923426$aORPH$bORPH$cKTS0$d2020-07-08$eKoopman$i30C09$l0$oINS3.1e PL.WAR$p20130863$r2024-06-26 00:00:00$w2024-06-26$yBOO
=999  \\$d22095

