=LDR  00879aam a2200205   4500
=001  22097
=008  220616s1978\\\\|||f||||\||||\00|\0\ita\d
=041  \\$aita
=100  \\$aFormentini, Valerio$4aut$910918
=245  \\$aTradizioni organarie nel Duomo di Latisana
=260  \\$aUdine$bSocietà Filologica Friulana$c1978
=300  \\$a20 pages
=500  \\$aEstratto dal Numero Unico "Tisana" della Società Filologica Friulana
=650  \0$aOrgan$1http://www.wikidata.org/entity/Q1444$92810
=650  \0$aOrganist$1http://www.wikidata.org/entity/Q765778$94471
=651  \0$aUdine (Italy)$1http://www.wikidata.org/entity/Q2790$927336
=700  \\$aStella, Loris$4aut$914216
=942  \\$cBOO
=952  \\$00$10$2ddc$40$6INS_3_000000000000000_1E_IT_LAT$70$8INS$923428$aORPH$bORPH$cKTS0$d2020-07-08$eKoopman$i30C09$l0$oINS3.1e IT.LAT$p20130866$r2024-06-26 00:00:00$w2024-06-26$yBOO
=999  \\$d22097

