=LDR  01686nam a22002417a 4500
=001  22102
=005  20251003083927.0
=008  240627s2002\\\\|||a||||\||||\00|\0\ger\d
=041  \\$ager
=245  \\$aFrauenkirche Dresden.$bDie Entscheidung über den Orgelbau, Silbermann-Nachbau oder Kompromiss: Streitpunkte, Tatsachen, Aktueller Stand
=260  \\$aDresden$bPro-Silbermann-Gruppe Dresden$c2002
=300  \\$a23 pages
=500  \\$afrom the first page: "Diese Schrift wurde herausgegeben von der Pro-Silbermann-Gruppe Dresden, die sich im November 2001 gründete, um den Wiederaufbau der Dresdner Frauenkirche in der Orgelfrage zu unterstützen. Der Widerspruch zwischen dem weltweit geforderten konsequenten Nachbau der Gottfried-Silbermann-Orgel und den Vorstellungen innerhalb der Stiftung Frauenkirche drängte Dresdner Fachleute und Orgelfreinde, Stellung zu nehmen und zur Klärung beizutragen."
=600  \0$aSilbermann, Gottfried$d1683-1753$1http://www.wikidata.org/entity/Q61720$914779
=648  \0$a18th Century (1701-1800)$1http://www.wikidata.org/entity/Q7015$920899
=650  \0$aChurch$1http://www.wikidata.org/entity/Q16970$93776
=650  \0$aOrgan$1http://www.wikidata.org/entity/Q1444$92810
=650  \0$aConservation and restoration$1http://www.wikidata.org/entity/Q217102$922845
=651  \0$aDresden (Germany)$1http://www.wikidata.org/entity/Q1731$947
=700  \\$aHarnoncourt, Nikolaus$d1929-2016$1http://www.wikidata.org/entity/Q78526$4win$917150
=942  \\$cBOO
=952  \\$00$10$2ddc$40$6INS_3_000000000000000_1E_DE_DRE$70$8INS$923433$aORPH$bORPH$cKTS0$d2020-07-08$eKoopman$i30C09$l0$oINS3.1e DE.DRE$p20130870$r2024-06-27 00:00:00$w2024-06-27$yBOO
=999  \\$d22102

