=LDR  00779nam a22001937a 4500
=001  22103
=008  240627s2000\\\\|||a||||\||||\00|\0\dut\d
=041  \\$adut
=100  \\$aOtsen, Jack$4aut$927498
=245  \\$aHistorische Kerkorgels in Purmerend
=260  \\$aPurmerend$bPurmerends Museum$c2000
=300  \\$a4 pages
=590  \\$aPurmerends Museum, Zaalblad
=650  \0$aOrgan$1http://www.wikidata.org/entity/Q1444$92810
=650  \0$aChurch$1http://www.wikidata.org/entity/Q16970$93776
=651  \0$aPurmerend (Netherlands)$1http://www.wikidata.org/entity/Q9954$925510
=942  \\$cBOO
=952  \\$00$10$2ddc$40$6INS_3_000000000000000_1E_NL_PUR$70$8INS$923434$aORPH$bORPH$cKTS0$d2020-07-08$eKoopman$i30C09$l0$oINS3.1e NL.PUR$p20130872$r2024-06-27 00:00:00$w2024-06-27$yBOO
=999  \\$d22103

