=LDR  00799nam a22001817a 4500
=001  22105
=008  240627s1994\\\\|||a||||\||||\00|\0\ger\d
=041  \\$ager
=100  \\$aBalz, Hans Martin$1http://www.wikidata.org/entity/Q1581227$4aut$99362
=245  \\$aOrgelstadt Bad Homburg vor der Höhe
=246  \1$aKleiner Orgelführer Bad Homburg
=260  \\$aBad Homburg vor der Höhe$bKur- und Kongress GmbH$c1994
=300  \\$a36 pages
=650  \0$aOrgan$1http://www.wikidata.org/entity/Q1444$92810
=651  \0$aBad Homburg vor der Höhe (Germany)$1http://www.wikidata.org/entity/Q4165$927500
=942  \\$cBOO
=952  \\$00$10$2ddc$40$6INS_3_000000000000000_1A_DE_BAD2$70$8INS$923436$aORPH$bORPH$cKTS0$d2020-07-08$eKoopman$i28E27$l0$oINS3.1a DE.BAD2$p20130780$r2024-06-27 00:00:00$w2024-06-27$yBOO
=999  \\$d22105

