=LDR  00876nam a22001817a 4500
=001  22106
=008  240627s1993\\\\|||a||||\||||\00|\0\ger\d
=041  \\$ager
=100  \\$aVarious$94793
=245  \\$aFestschrift zur Einweihung der restaurierten und erweiterten Sauer-Orgel von 1908.$bFestwoche 4. bis 11. Juli 1993
=246  \1$aErlöserkirche Bad Homburg v.d. Höhe, Sauer-Orgel Opus 1020
=260  \\$aBad Homburg von der Höhe$bEv. Erloserkirchengemeinde Bad Homburg v.d. Höhe$c1993
=300  \\$a43 pages
=650  \0$aOrgan$1http://www.wikidata.org/entity/Q1444$92810
=651  \0$aBad Homburg vor der Höhe (Germany)$1http://www.wikidata.org/entity/Q4165$927500
=942  \\$cBOO
=952  \\$00$10$2ddc$40$6INS_3_000000000000000_1E_DE_BAD2$70$8INS$923437$aORPH$bORPH$cKTS0$d2020-07-08$eKoopman$i28E27$l0$oINS3.1e DE.BAD2$p20130781$r2024-06-27 00:00:00$w2024-06-27$yBOO
=999  \\$d22106

