=LDR  01191nam a22002177a 4500
=001  22108
=008  240627s1964\\\\||||||||\||||\00|\0\ger\d
=041  \\$ager
=100  \\$aPape, Uwe$d1936-$1http://www.wikidata.org/entity/Q2504647$4aut$913171
=245  \\$aDie Orgel der St.-Ansgarii-Kirche in Bremen /  Die Orgeln auf Bornholm / Die Darstellung von Orgelpfeifenmensuren durch den lochstreifengesteuerten Zeichentisch Zuse Z 64
=260  \\$aBraunschweig$c1964
=300  \\$a40 pages
=500  \\$aThree articles by Uwe Pape in a (self published) booklet.
=500  \\$aThe third article is about an early application of a computer (a computer based graphic device) in the making of organ pipes.
=650  \0$aOrgan$1http://www.wikidata.org/entity/Q1444$92810
=650  \0$aOrganology$1http://www.wikidata.org/entity/Q899293$921400
=650  \0$aComputer science$1http://www.wikidata.org/entity/Q21198$92375
=651  \0$aBremen (Germany)$1http://www.wikidata.org/entity/Q24879$922658
=942  \\$cBOO
=952  \\$00$10$2ddc$40$6INS_3_000000000000000_1D_PAPE$70$8INS$923439$aORPH$bORPH$cKTS0$d2020-07-08$eKoopman$i28E27$l0$oINS3.1d PAPE$p20130782$r2024-06-27 00:00:00$w2024-06-27$yBOO
=999  \\$d22108

