=LDR  01337nam a22002417a 4500
=001  22109
=008  240627b\\\\\\\\|||a||||\||||\00|\0\fre\d
=041  \\$afre
=245  \\$aButtforde
=260  \\$aSaint-Michel de Provence
=300  \\$a32 pages
=490  \\$aOrgues historiques
=500  \\$aProbably a booklet accompanying a [78 rpm?] record, in a series 'Orgues historiques'.
=505  \\$gOrtwin Rudloff, Buttforde [Introduction] - Walter Kaufmann, La facture d'orgue en Frise orientale jusqu'a la fin du 17e siècle - Helmut Winter, La construction de l'orgue de Ste Marie de Buttforde - Helmut Winter, Joachim Reichborn, le facteur de l'orgue - Helmut Winter, Description technique.
=600  \0$aRichborn, Joachim$d-1684$1http://www.wikidata.org/entity/Q96206$927509
=650  \0$aOrgan$1http://www.wikidata.org/entity/Q1444$92810
=650  \0$aChurch$1http://www.wikidata.org/entity/Q16970$93776
=651  \0$aEast Frisia (Germany)$1http://www.wikidata.org/entity/Q165269$923713
=700  \\$aKaufmann, Walter$4ctb$918859
=700  \\$aWinter, Helmut$d1926-1983$1http://www.wikidata.org/entity/Q21039228$4ctb$927508
=942  \\$cBOO
=952  \\$00$10$2ddc$40$6INS_3_000000000000000_1E_DE_BUT$70$8INS$923440$aORPH$bORPH$cKTS0$d2020-07-08$eKoopman$i28E27$l0$oINS3.1e DE.BUT$p20130783$r2024-06-27 00:00:00$w2024-06-27$yBOO
=999  \\$d22109

