=LDR  00960nam a22001937a 4500
=001  22110
=008  240627s1971\\\\||||||||\||||\00|\0\ger\d
=041  \\$ager
=245  \\$aFestschrift zur Weihe der restaurierten Denkmalsorgel in Cadenberge, $bam 12. September 1971
=260  \\$aStade$bHabersaath$c1971
=300  \\$a20 pages
=500  \\$aCadenberge (in High German, in Low Saxon: Cumbarg) is a municipality in the district of Cuxhaven, in Lower Saxony, Germany. 
=650  \0$aOrgan$1http://www.wikidata.org/entity/Q1444$92810
=650  \0$aChurch$1http://www.wikidata.org/entity/Q16970$93776
=651  \0$aGermany$1http://www.wikidata.org/entity/Q183$9155
=700  \\$aWinter, Helmut$d1926-1983$1http://www.wikidata.org/entity/Q21039228$4ctb$927508
=942  \\$cBOO
=952  \\$00$10$2ddc$40$6INS_3_000000000000000_1E_DE_CAD$70$8INS$923441$aORPH$bORPH$cKTS0$d2020-07-08$eKoopman$i28E27$l0$oINS3.1e DE.CAD$p20130784$r2024-06-27 00:00:00$w2024-06-27$yBOO
=999  \\$d22110

