=LDR  00976nam a22002057a 4500
=001  22111
=008  240627s1977\\\\|||a||||\||||\00|\0\ger\d
=041  \\$ager
=245  \\$aDie Schnitger-Orgel in Cappel, $bSt. Petri und Pauli
=300  \\$a32 pages
=490  \\$aOrgel-Studien$v2
=600  \0$aSchnitger, Arp$d1648-1719$1http://www.wikidata.org/entity/Q60787$910906
=650  \0$aOrgan$1http://www.wikidata.org/entity/Q1444$92810
=651  \0$aGermany$1http://www.wikidata.org/entity/Q183$9155
=700  \\$aWinter, Helmut$d1926-1983$1http://www.wikidata.org/entity/Q21039228$4ctb$927508
=700  \\$aBoeck, Urs$d1933-2024$1http://www.wikidata.org/entity/Q28870278$4ctb$927510
=700  \\$aEdskes, Cornelius H.$1http://www.wikidata.org/entity/Q1133811$4ctb$910670
=942  \\$cBOO
=952  \\$00$10$2ddc$40$6INS_3_000000000000000_1E_DE_CAP2$70$8INS$923442$aORPH$bORPH$cKTS0$d2020-07-08$eKoopman$i28E27$l0$oINS3.1e DE.CAP2$p20130785$r2024-06-27 00:00:00$w2024-06-27$yBOO
=999  \\$d22111

