=LDR  01034nam a22001937a 4500
=001  22113
=008  240627s1967\\\\|||a||||\||||\00|\0\ger\d
=041  \\$ager
=100  \\$aPiper, Gottfried$4aut$927514
=245  \\$aDie Orgeln des Kirchenkreises Gifhorn
=260  \\$aGifhorn$c1967
=300  \\$a46-[vi] pages
=500  \\$aWith descriptions of the organs in the churches of Adenbüttel, Calberlah, Didderse, Gifhorn, Gross Schwülper, Hillerse, Isenbüttel, Kästorf, Leiferde, Meine, Meinersen, Müden-Aller, Neudorf-Platendorf, Päse, Rethen, Ribbesbüttel, Rötgesbuttel, Seershausen, Wasbüttel, Wahrenholz, Wesendorf, Wilsche.
=650  \0$aOrgan$1http://www.wikidata.org/entity/Q1444$92810
=650  \0$aChurch$1http://www.wikidata.org/entity/Q16970$93776
=651  \0$aGermany$1http://www.wikidata.org/entity/Q183$9155
=942  \\$cBOO
=952  \\$00$10$2ddc$40$6INS_3_000000000000000_1A_DE_GIF$70$8INS$923444$aORPH$bORPH$cKTS0$d2020-07-08$eKoopman$i28E27$l0$oINS 3.1a DE.GIF$p20130788$r2024-06-27 00:00:00$w2024-06-27$yBOO
=999  \\$d22113

