=LDR  01045nam a22002177a 4500
=001  22136
=008  240708b\\\\\\\\|||\a|||\||||\00|\0\ger\d
=041  \\$ager
=100  \\$aPfeiffer, Wolfgang$4aut$927539
=245  \\$aZur Rekonstruktion der Schwalbennestorgel$b[Minoritenkirche Regensburg]
=300  \\$a4 pages
=500  \\$aContains disposition of the organ, after Caspar Sturm, Regensburg 1583
=500  \\$aAlso contains a paragraph about Caspar Sturm, by Eberhard Kraus. 
=648  \0$a16th Century (1501-1600)$1http://www.wikidata.org/entity/Q7017$920944
=650  \0$aOrgan$1http://www.wikidata.org/entity/Q1444$92810
=650  \0$aConservation and restoration$1http://www.wikidata.org/entity/Q217102$922845
=651  \0$aRegensburg (Germany)$1http://www.wikidata.org/entity/Q2978$9201
=700  \\$aKraus, Eberhard$4ctb$912163
=942  \\$cBOO
=952  \\$00$10$2ddc$40$6INS_3_000000000000000_1E_DE_REG$70$8INS$923476$aORPH$bORPH$cKTS0$d2020-07-08$eKoopman$i28E27$l0$oINS3.1e DE.REG$p20143667$r2024-07-08 00:00:00$w2024-07-08$yBOO
=999  \\$d22136

