=LDR  01031nam a22002177a 4500
=001  22139
=008  240627s1979\\\\|||a||||\||||\00|\0\ger\d
=041  \\$ager
=100  \\$aReuter, Rudolf$d1920-1983$4aut$914694
=245  \\$aHistorische Orgeln im Hochsauerlandkreis
=260  \\$aMünster$bWestfälischer Heimatbund$c1979
=300  \\$a22 pages
=490  \\$aWestfälische Kunststätten$v9
=500  \\$aAbout organs in Oelinghausen, Arnsberg, Meschede, Eslohe, Sundern, Schmallenberg, Hallenberg, Olsberg, Marsberg.
=650  \0$aOrgan$1http://www.wikidata.org/entity/Q1444$92810
=650  \0$aChurch$1http://www.wikidata.org/entity/Q16970$93776
=651  \0$aWestphalia (Germany)$1http://www.wikidata.org/entity/Q8614$923235
=651  \0$aNorth Rhine-Westphalia (Germany)$1http://www.wikidata.org/entity/Q1198$923645
=942  \\$cBOO
=952  \\$00$10$2ddc$40$6INS_3_000000000000000_1A_DE_WES2$70$8INS$923479$aORPH$bORPH$cKTS0$d2020-07-08$eKoopman$i28E27$l0$oINS3.1a DE.WES2$p20130789$r2024-07-08 00:00:00$w2024-07-08$yBOO
=999  \\$d22139

