=LDR  01097nam a22002177a 4500
=001  22141
=008  240708s1990\\\\|||a||||\||||\00|\0\ger\d
=041  \\$ager
=100  \\$aSchindler, Jürgen-Peter$1http://www.wikidata.org/entity/Q1716951$4aut$924022
=245  \\$aDie Orgel in der St. Johannis-Kirche in Lauf an der Pegnitz
=260  \\$aLauf an der Pegnitz$bEvang.-luth. Kirchengemeinde Lauf a.d. Pegnitz$c1990
=300  \\$a25 pages
=500  \\$aOrgan by Johann Adam Brandenstein (1657-1726).
=648  \0$a16th Century (1501-1600)$1http://www.wikidata.org/entity/Q7017$920944
=648  \0$a17th Century (1601-1700)$1http://www.wikidata.org/entity/Q7016$920923
=648  \0$a18th Century (1701-1800)$1http://www.wikidata.org/entity/Q7015$920899
=650  \0$aOrgan$1http://www.wikidata.org/entity/Q1444$92810
=651  \0$aBavaria (Germany)$1http://www.wikidata.org/entity/Q980$9228
=942  \\$cBOO
=952  \\$00$10$2ddc$40$6INS_3_000000000000000_1E_DE_LAU$70$8INS$923481$aORPH$bORPH$cKTS0$d2020-07-08$eKoopman$i28E27$l0$oINS3.1e DE.LAU$p20130792$r2024-07-08 00:00:00$w2024-07-08$yBOO
=999  \\$d22141

