=LDR  00975nam a22002177a 4500
=001  22142
=005  20250925143311.0
=008  240708s1992\\\\|||a||||\||||\00|\0\ger\d
=041  \\$ager
=100  \\$aVarious$94793
=245  \\$aFestschrift zur Orgelweihe in der Pfarrkirche Hll. Familie München-Harlaching.$bPfingsten 1992
=260  \\$aMünchen$bSchnell & Steiner$c1992
=300  \\$a16 pages
=500  \\$aOrgan by Reinhold Friedrich and Günther Riegner.
=648  \0$a20th Century (1901-2000)$1http://www.wikidata.org/entity/Q6927$920936
=650  \0$aOrgan$1http://www.wikidata.org/entity/Q1444$92810
=651  \0$aMunich (Germany)$1http://www.wikidata.org/entity/Q1726$9268
=700  \\$aSchnorr, Klemens$1http://www.wikidata.org/entity/Q1774028$4ctb$922025
=942  \\$cBOO
=952  \\$00$10$2ddc$40$6INS_3_000000000000000_1E_DE_MUN$70$8INS$923482$aORPH$bORPH$cKTS0$d2020-07-08$eKoopman$i28E27$l0$oINS3.1e DE.MUN$p20130793$r2024-07-08 00:00:00$w2024-07-08$yBOO
=999  \\$d22142

