=LDR  00971nam a22002177a 4500
=001  22147
=005  20250925143311.0
=008  240709s1986\\\\|||a||||\||||\00|\0\ger\d
=041  \\$ager
=245  \\$aOrgel-Geschichte St. Ulrich, Rheinstetten-Mörsch
=260  \\$c1986
=300  \\$a24 pages
=500  \\$aPublished for the inauguration of the organ 23.02.1986.
=500  \\$aMörsch ist einer der drei Stadtteile Rheinstettens im Westen Baden-Württembergs und hat rund 8.800 Einwohner. 
=648  \0$a20th Century (1901-2000)$1http://www.wikidata.org/entity/Q6927$920936
=650  \0$aOrgan$1http://www.wikidata.org/entity/Q1444$92810
=651  \0$aBaden-Württemberg (Germany)$1http://www.wikidata.org/entity/Q985$922802
=700  \\$aSchmerbeck, Rudolf$4ctb$927541
=942  \\$cBOO
=952  \\$00$10$2ddc$40$6INS_3_000000000000000_1E_DE_MÖR$70$8INS$923487$aORPH$bORPH$cKTS0$d2020-07-08$eKoopman$i28E27$l0$oINS3.1e DE.MÖR$r2024-07-09 00:00:00$w2024-07-09$yBOO
=999  \\$d22147

