=LDR  01217nam a22002177a 4500
=001  22153
=008  240709s1981\\\\|||a||||\||||\00|\0\ger\d
=041  \\$ager
=245  \\$aDie Johann Michael Stumm-Orgel von 1746.$bEvangelische Kirchengemeinde Sulzbach
=260  \\$aSulzbach$bEvangelische Kirchengemeinde Sulzbach$c1981
=300  \\$a26 pages
=500  \\$a"Diese Festschrift wurde anläßlich der Einweihung der restaurierten Johann Michael Stumm-Orgel am Sonntag, dem 15. November 1981 um 14.00 Uhr, von der ev, Kirchengemeinde Sulzbach herausgegeben."
=600  \0$aStumm family$926103
=648  \0$a18th Century (1701-1800)$1http://www.wikidata.org/entity/Q7015$920899
=650  \0$aOrgan$1http://www.wikidata.org/entity/Q1444$92810
=651  \0$aRhineland-Palatinate (Germany)$1http://www.wikidata.org/entity/Q1200$922804
=700  \\$aEppelsheim, Jürgen$1http://www.wikidata.org/entity/Q93068839$4ctb$910759
=700  \\$aKlais, Hans Gerd$d-1930$1http://www.wikidata.org/entity/Q93351597$4ctb$99581
=942  \\$cBOO
=952  \\$00$10$2ddc$40$6INS_3_000000000000000_1E_DE_SUL$70$8INS$923496$aORPH$bORPH$cKTS0$d2020-07-08$eKoopman$i28E27$l0$oINS3.1e DE.SUL$p20130803$r2024-07-09 00:00:00$w2024-07-09$yBOO
=999  \\$d22153

