=LDR  01173nam a22002297a 4500
=001  22161
=008  240709s1983\\\\|||a||||\||||\00|\0\ita\d
=041  \\$aita
=100  \\$aSimeoni, Fausto$4aut$927548
=245  \\$aL'organo 'Serassi' della chiesa patronale dei Santi Faustino e Giovita in Brescia
=246  \1$aProposte d'ascolto alla pace, Stagione 1983
=260  \\$aBrescia$bAssociazione Musicale Amici della Pace$c1983
=300  \\$a63 pages
=500  \\$aArticle about the organ in the Chiesa dei Santi Faustino e Giovita in Brescia is published in a festival program book. 
=600  \0$aSerassi family$1http://www.wikidata.org/entity/Q3955790$924250
=648  \0$a19th Century (1801-1900)$1http://www.wikidata.org/entity/Q6955$920935
=650  \0$aOrgan$1http://www.wikidata.org/entity/Q1444$92810
=650  \0$aOrgan registration$1http://www.wikidata.org/entity/Q7309439$923402
=651  \0$aBrescia (Italy)$1http://www.wikidata.org/entity/Q6221$922286
=942  \\$cBOO
=952  \\$00$10$2ddc$40$6INS_3_000000000000000_1E_IT_BRE$70$8INS$923505$aORPH$bORPH$cKTS0$d2020-07-08$eKoopman$i28E28$l0$oINS3.1e IT.BRE$p20130806$r2024-07-09 00:00:00$w2024-07-09$yBOO
=999  \\$d22161

