=LDR  02372nam a22002897a 4500
=001  22162
=008  240710s1974\\\\|||g||||\||||\00|\0\fre\d
=041  \\$afre
=100  \\$aCupis, François$d1732-1808$1http://www.wikidata.org/entity/Q19945015$927549
=245  \\$aMethode nouvelle et raisonnée pour apprendre à jouer du violoncello
=246  \1$aMethode nouvelle et raisonnée pour apprendre à jouer du violoncelle
=260  \\$aBologna$bForni$c1974
=300  \\$a43 pages$boblong facsimile print in red linen cover
=490  \\$aBibliotheca musica Bononiensis$vSezione IV N. 212
=500  \\$aFrançois Cupis de Renoussard was the son of Ferdinand-Joseph de Cupis Camargo, teacher of violin and maître à danser, rue de la Montagne in Brussels, and Marie-Anne de Smet. He was the brother of the famous ballerina Marie-Anne de Cupis de Camargo (1710–1770) and violinist Jean-Baptiste de Cupis de Camargo. He was a pupil of Martin Berteau. In 1750, he entered the Paris Opéra as basse du grand chœur. He stayed there until 1770.
[wikipedia]
=500  \\$aCompositions often misattributed between the Cupis composers, who are rarely named in full on title-pages. One way of telling them apart is by the author's printed address.
[IMSLP]
=500  \\$aIn this facsimile edition Jean Baptiste Cupis is mentioned as the author, but he was a violinist (1711-1788). 
=534  \\$cParis
=590  \\$aou l'on traite  de la maniere de l'accorder, de placer cet instrument, et de tenir l'archet; de la position de la main sur la touche, du tact, de l'etendue du manche, du doigter dans tous les Modes majeurs et mineurs, du tirer et du pousser, avec un nombre de Leçons, Romances, Ariettes et Menuets variés &c. Par Mr. Cupis Le Jeune, Professeur de Violoncelle et Eleve du Célébre Bertaud.
=648  \0$a18th Century (1701-1800)$1http://www.wikidata.org/entity/Q7015$920899
=650  \0$aCello$1http://www.wikidata.org/entity/Q8371$92688
=650  \0$aMethod$1http://www.wikidata.org/entity/Q2250960$921402
=651  \0$aParis (France)$1http://www.wikidata.org/entity/Q90$9160
=856  \\$uhttps://gallica.bnf.fr/view3if/ga/ark:/12148/btv1b10868458n$3Gallica
=942  \\$cBOO
=952  \\$00$10$2ddc$40$6INS_4_000000000000000_3C$70$8INS$923506$aORPH$bORPH$cKTS0$d2020-07-08$eKoopman$i13G58$l0$oINS4.3c$p20124891$r2024-07-10 00:00:00$w2024-07-10$yBOO
=999  \\$d22162

