=LDR  00842nam a22001937a 4500
=001  22165
=008  240710b\\\\\\\\|||a||||\||||\00|\0\ita\d
=041  \\$aita
=100  \\$aDonati, P. P.$4ctb$910565
=245  \\$aL'Organo a canne di Cipresso.$bChiesa di S. Maria delle Grazie Montepulciano
=260  \\$aMontepulciano
=300  \\$a15 pages
=648  \0$a17th Century (1601-1700)$1http://www.wikidata.org/entity/Q7016$920923
=650  \0$aOrgan$1http://www.wikidata.org/entity/Q1444$92810
=650  \0$aOrgan pipe$1http://www.wikidata.org/entity/Q1510738$93292
=651  \0$aTuscany (Italy)$1http://www.wikidata.org/entity/Q1273$923379
=942  \\$cBOO
=952  \\$00$10$2ddc$40$6INS_3_000000000000000_1E_IT_MON$70$8INS$923509$aORPH$bORPH$cKTS0$d2020-07-08$eKoopman$i28E28$l0$oINS3.1e IT.MON$p20130809$r2024-07-10 00:00:00$w2024-07-10$yBOO
=999  \\$d22165

