=LDR  00926nam a22002177a 4500
=001  22167
=008  240710s1977\\\\|||a||||\||||\00|\0\ita\d
=041  \\$aita
=245  \\$aIl settecentesco organo di Polcenigo
=260  \\$aUdine$bFriulane$c1977
=300  \\$a9 pages
=590  \\$aEstratto da Polcenigo mille anni di storia, il edizione 1977.
=600  10$aCallido, Gaetano$d1727-1813$925863
=648  \0$a18th Century (1701-1800)$1http://www.wikidata.org/entity/Q7015$920899
=650  \0$aOrgan$1http://www.wikidata.org/entity/Q1444$92810
=651  \0$aFriuli Venezia Giulia (Italy)$1http://www.wikidata.org/entity/Q1250$924373
=700  \\$aFormentini, Valerio$4aut$910918
=700  \\$aStella, Loris$4aut$914216
=942  \\$cCHA
=952  \\$00$10$2ddc$40$6INS_3_000000000000000_1E_IT_POL$70$8INS$923511$aORPH$bORPH$cKTS0$d2020-07-08$eKoopman$i28E28$l0$oINS3.1e IT.POL$p20130810$r2024-07-10 00:00:00$w2024-07-10$yCHA
=999  \\$d22167

