=LDR  00954nam a22001937a 4500
=001  22169
=008  240710s1977\\\\|||\||||\||||\00|\0\ita\d
=041  \\$aita
=245  \\$aConcerti di inaugurazione del restaurato organo di Gaetano Callido (1778-79)$bTempio monumentale di S. Nicolò, Treviso
=260  \\$aTreviso$c1977
=300  \\$a8 pages
=500  \\$aInaugural concerts by Luigi Tagliavini, Sergio de Pieri, Elsa Bolzonello Zoja, Gustav Leonhardt.
=648  \0$a18th Century (1701-1800)$1http://www.wikidata.org/entity/Q7015$920899
=650  \0$aOrgan$1http://www.wikidata.org/entity/Q1444$92810
=650  \0$aConcert$1http://www.wikidata.org/entity/Q182832$921044
=651  \0$aTreviso (Italy)$1http://www.wikidata.org/entity/Q5475$924410
=942  \\$cBOO
=952  \\$00$10$2ddc$40$6INS_3_000000000000000_1E_IT_TRE2$70$8INS$923513$aORPH$bORPH$cKTS0$d2020-07-08$eKoopman$i28E28$l0$oINS3.1e IT.TRE2$p20130813$r2024-07-10 00:00:00$w2024-07-10$yBOO
=999  \\$d22169

