=LDR  01057aas a2200181   4500
=001  22333
=008  241030i19482019|||a||||\||||\00|\0\eng\d
=041  \\$aeng
=110  \\$aGalpin Society (United Kingdom)$1http://www.wikidata.org/entity/Q5519317$922282
=245  \\$aThe Galpin Society Journal
=260  \\$c1948-2019
=500  \\$aThe Galpin Society, founded in 1946, is named after Canon Francis W. Galpin (1858-1945). A much-loved parish priest, Galpin had a lifelong interest in studying, collecting, playing and sometimes making musical instruments. His enthusiasm is reflected in the Society’s broad remit to promote the study of all kinds of musical instruments.
=505  \\$gVols. 1 (1948) - 72 (2019)
=650  \0$aOrganology$1http://www.wikidata.org/entity/Q899293$921400
=650  \0$aHistorically informed performance$1http://www.wikidata.org/entity/Q1344860$920980
=942  \\$cBOO
=952  \\$00$10$2ddc$40$6INS_PER1_GS1$70$8INS$923717$aORPH$bORPH$cKTS0$d2020-07-08$eKoopman$l0$oINS PER1 GS1$p20129487$r2024-10-30 15:17:24$w2024-10-30$yPER
=999  \\$d22333

