=LDR  01104nas a22002057a 4500
=001  22349
=008  241101i19622003||||||||\||||\00|\0\ita\d
=041  \\$aita
=245  \\$aL'Organo.$bRivista di cultura organaria e organistica
=260  \\$aBrescia$aBologna$bGruppo Musicale Girolamo Frescobaldi$bPatron$c1962-2002
=505  \\$gVol. 3 (1962) - 12 (1974) + extract of vol. 19, and vol. 36
=650  \0$aOrgan$1http://www.wikidata.org/entity/Q1444$92810
=650  \0$aOrgan music$1https://www.wikidata.org/entity/Q2003283$1https://www.wikidata.org/wiki/Q116958279$91951
=651  \0$aItaly$1http://www.wikidata.org/entity/Q38$922
=700  \\$aLunelli, Renato$1http://www.wikidata.org/entity/Q28869775$4edt$912498
=700  \\$aTagliavini, Luigi Ferdinando$d1929-2017$1http://www.wikidata.org/entity/Q327719$4edt$914041
=700  \\$aMischiati, Oscar$1http://www.wikidata.org/entity/Q55677162$4edt$912792
=942  \\$cPER
=952  \\$00$10$2ddc$40$6INS_PER3_1_000000000000000_OR5$70$8INS$923735$aORPH$bORPH$cKTS0$d2020-07-08$eKoopman$l0$oINS PER3.1 OR5$p20129514$r2024-11-01 12:20:42$w2024-11-01$yPER
=999  \\$d22349

