=LDR  00858aas a2200193   4500
=001  22353
=005  20251021112530.0
=008  241101i20072020nl\fn|||\||||\00|\0\eng\d
=041  \\$aeng
=110  \\$aNederlands Clavichord Genootschap (Netherlands)$4edt$926634
=245  \\$aClavichord International
=260  \\$c2007-2020$as.n.$bHet Nederlands Clavichord Genootschap 
=505  \\$gVols. 11/1, 12-22/1, 23-24/1
=650  \0$aClavichord$1http://www.wikidata.org/entity/Q191823$92126
=650  \0$aOrganology$1http://www.wikidata.org/entity/Q899293$921400
=856  \\$uhttp://www.clavichordgenootschap.nl/$3online lists of contents of Clavichord International
=942  \\$cPER
=952  \\$00$10$2ddc$40$6INS_PER3_2_000000000000000_CL2$70$8INS$923739$aORPH$bORPH$cKTS0$d2020-07-08$eKoopman$l0$oINS PER3.2 CL2$p20129479$r2024-11-01 14:39:38$w2024-11-01$yPER
=999  \\$d22353

