=LDR  01633cam a2200313 i 4500
=001  22388
=008  780825s1977\\\\gw\af\\||b\\\|001\||ger||
=010  \\$a78374331
=040  \\$aDLC$cDLC$dDLC
=100  \\$aRiedel, Friedrich Wilhelm$d1929-2020$1http://www.wikidata.org/entity/Q85423107$4aut$910668
=245  10$aKirchenmusik am Hofe Karls VI. (1711-1740).$bUntersuchungen zum Verhältnis von Zeremoniell und musikalischem Stil im Barockzeitalter
=260  \\$aMünchen$aSalzburg$bMusikverlag Katzbichler$c1977
=300  \\$a338 pages$bill. ;$c23 cm.
=490  0\$aStudien zur Landes- und Sozialgeschichte der Musik$vBd. 1
=500  \\$aA revision of the author's thesis, Mainz, 1970.
=500  \\$aIncludes indexes.
=504  \\$aBibliography: p. 313-316.
=600  07$aCharles$bVI,$cHoly Roman Emperor,$d1685-1740.$2lcsh
=648  \0$a18th Century (1701-1800)$1http://www.wikidata.org/entity/Q7015$920899
=650  \7$aMusical analysis.$2lcsh
=650  \0$aChurch music$1http://www.wikidata.org/entity/Q8812109$1http://www.wikidata.org/entity/Q1065742$92283
=650  \0$aNotation$1http://www.wikidata.org/entity/Q233861$91964
=650  \0$aCourt$1http://www.wikidata.org/entity/Q1134237$922191
=650  \0$aMusic history$1http://www.wikidata.org/entity/Q846047$921373
=650  \7$aSchool music$xInstruction and study$zGermany.$2lcsh
=651  \0$aVienna (Austria)$1http://www.wikidata.org/entity/Q1741$920937
=942  \\$cBOO
=952  \\$00$10$2ddc$40$6TOP_AT_VIE_5_000000000000000$70$8TOP$924719$aORPH$bORPH$cKTS0$d2020-07-08$eKoopman$i20F19$l0$oTOP AT.VIE 5$p20128131$r2024-12-02 16:56:42$w2024-12-02$yBOO
=999  \\$d22388

