=LDR  00991nam a22002057a 4500
=001  22412
=008  241217s1968\\\\|||a||||\||||\00|\0\eng\d
=041  \\$aeng
=100  \\$aKing, A. Hyatt$d1911-1995$4aut$913716
=245  \\$aFour Hundred Years of Music Printing
=260  \\$aLondon$bTrustees of the British Museum$c1968
=300  \\$a48 pages$billustrations
=500  \\$aAlexander (Alec) Hyatt King published this book as Music Librarian of the British Museum. 
=650  \0$aMusic printing$1http://www.wikidata.org/entity/Q64416036$94007
=650  \0$aMusic printing$1http://www.wikidata.org/entity/Q64416036$94007
=650  \0$aPublishing$1http://www.wikidata.org/entity/Q3972943$93049
=710  2\$aBritish Museum (London, United Kingdom)$1http://www.wikidata.org/entity/Q6373$4edt$91796
=942  \\$cBOO
=952  \\$00$10$2ddc$40$6BIB_3_000000000000000_KING$70$8BIB$924973$aORPH$bORPH$cKTS0$d2020-07-08$eKoopman$i19C44$l0$oBIB3 KING$p20127880$r2024-12-17 12:14:05$w2024-12-17$yBOO
=999  \\$d22412

