=LDR  01208nam a2200265 c 4500
=001  22419
=008  240606s2024\\\\gw\acg|\\||||\00|||\mul\d
=020  \\$a9783987530135
=020  \\$a3987530138
=041  0\$aeng$ager
=245  10$aDie Stimmen der Frauen aus der Bach-Familie
=246  11$aVoices of women from the Bach Family
=250  \\$a1st ed.
=260  \\$aLeipzig$bBach-Archiv Leipzig$c2024
=300  \\$a40 pages
=500  \\$aThe publication accompanies the exhibition “The Voices of the Women of the Bach Family” at the Bach Museum Leipzig 24 May to 10 November 2024
=546  \\$aText deutsch und englisch
=610  \0$aBach family$1http://www.wikidata.org/entity/Q169509$922324
=650  \0$aMusic history$1http://www.wikidata.org/entity/Q846047$921373
=650  \0$aFemale$1http://www.wikidata.org/entity/Q6581072$921764
=700  \\$aWiese, Kerstin$1http://www.wikidata.org/entity/Q112042944$d1969-$4edt$915511
=700  \\$aHübner, Maria$1http://www.wikidata.org/entity/Q98819690$d1952-$4wam$911724
=942  \\$cBOO
=952  \\$00$10$2ddc$40$6BIO_BACH0_D$70$8BIO$924984$aORPH$bORPH$cKTS1_P$d2020-07-08$eKoopman$l0$oBIO BACH0 d$p20143974$r2024-12-30 16:40:46$w2024-12-30$yBOO
=999  \\$d22419

