=LDR  01110ncm a22002297a 4500
=001  22422
=008  250107r19591885|||||a||\||||\00|\0\mul\d
=041  \\$ager$deng$eeng
=100  \\$aHandel, George Frideric$d1685-1759$1http://www.wikidata.org/entity/Q7302$4cmp$94765
=245  \\$aJephtha
=260  \\$aCelle$bMoeck$c1959
=300  \\$a268+[4] pages
=534  \\$aReprint of facsimile published in 1885; oratorio composed in 1885
=648  \0$a18th Century (1701-1800)$1http://www.wikidata.org/entity/Q7015$920899
=650  \0$aOratorio$1http://www.wikidata.org/entity/Q85477$91825
=650  \0$aOld Testament$1http://www.wikidata.org/entity/Q19786$923499
=651  \0$aLondon (United Kingdom)$1http://www.wikidata.org/entity/Q84$9123
=700  \\$aMorell, Thomas$d1703-1784$1http://www.wikidata.org/entity/Q1526959$4lbt$96037
=700  \\$aChrysander, Friedrich$d1826-1901$1http://www.wikidata.org/entity/Q65274$4aft$913827
=942  \\$cSCO
=952  \\$00$10$2ddc$40$6SCO_HAND$70$8SCO$924987$aORPH$bORPH$cKTS1_P$d2020-07-08$eKoopman$i13D42$l0$oSCO HAND$p20126101$r2025-01-07 09:09:56$w2025-01-07$ySCO
=999  \\$d22422

