=LDR  01273nam a22002657a 4500
=001  22433
=005  20250925143311.0
=008  250114s1912\\\\|||g||||\||||\00|\0\ger\d
=041  \\$ager
=100  \\$aRiemann, Hugo$d1849-1919$1http://www.wikidata.org/entity/Q213539$4aut$916448
=245  \\$aVergleichende Klavierschule
=250  \\$a4th ed.
=260  \\$aLeipzig$bRahter$c1912
=300  \\$axiv-[ii]-218-[6] pages
=500  \\$anot included:  C. Praktischer Theil (für den Schüler): 3 Hefte Materialien für den Anfangs-Unterricht. 
=500  \\$afirst published in 1883
=590  \\$aA-B. Theoretischer Theil (für den Lehrer): System und Methode des Klavierunterrichts. Op.39
=648  \0$a19th Century (1801-1900)$1http://www.wikidata.org/entity/Q6955$920935
=648  \0$a20th Century (1901-2000)$1http://www.wikidata.org/entity/Q6927$920936
=650  \0$aMethod$1http://www.wikidata.org/entity/Q2250960$921402
=650  \0$aKeyboard instrument$1http://www.wikidata.org/entity/Q52954$92849
=651  \0$aGermany$1http://www.wikidata.org/entity/Q183$9155
=942  \\$cBOO
=952  \\$00$10$2ddc$40$6KTS_1_000000000000000_C1_70$70$8RAR$925000$aORPH$bORPH$cKTS1_C1$d2020-07-08$eKoopman$i30B45$l0$oKTS1 C1.70$p20123381$r2025-01-14 14:57:29$w2025-01-14$yBOO
=999  \\$d22433

