=LDR  00945nam a22002297a 4500
=001  22434
=005  20250925143311.0
=008  250114s1916\\\\|||g||||\||||\00|\0\ger\d
=041  \\$ager
=100  \\$aRiemann, Hugo$d1849-1919$1http://www.wikidata.org/entity/Q213539$4aut$916448
=245  \\$aHandbuch des Klavierspiels
=250  \\$a5th ed.
=260  \\$aBerlin$aLeipzig$bMax Hesses Verlag$c1916
=300  \\$aviii-117 pages
=490  \\$aMax Helles illustrierte Handbücher$v6
=500  \\$afirst published in 1905
=648  \0$a20th Century (1901-2000)$1http://www.wikidata.org/entity/Q6927$920936
=650  \0$aMethod$1http://www.wikidata.org/entity/Q2250960$921402
=650  \0$aKeyboard$1http://www.wikidata.org/entity/Q901207$923503
=942  \\$cBOO
=952  \\$00$10$2ddc$40$6KTS_1_000000000000000_C1_70$70$8RAR$925001$aORPH$bORPH$cKTS1_C1$d2020-07-08$eKoopman$i30B44$l0$oKTS1 C1.70$p20123382$r2025-01-14 15:26:33$w2025-01-14$yBOO
=999  \\$d22434

