=LDR  00858nam a22001811i 4500
=001  22463
=008  990917s1977\\\\\\\\|||||e\\\|||||0dger||
=041  \7$ager
=100  \\$aTaddey, Gerhard$d1937-2013$1http://www.wikidata.org/entity/Q1169121$4edt$4aut$939570
=245  00$aLexicon der deutschen Geschichte :$bPersonen, Ereignisse, Institutionen : von der Zeitwende bis zum Ausgang des 2. Weltrieges
=260  \\$aStuttgart$bKröner$c1977
=300  \\$a[x]-1353 pages
=650  \0$aEncyclopedia$1http://www.wikidata.org/entity/Q5292$92184
=650  \0$aHistory$1http://www.wikidata.org/entity/Q309$921403
=651  \0$aGermany$1http://www.wikidata.org/entity/Q183$9155
=942  \\$cBOO
=952  \\$00$10$2ddc$40$6TOP_DE_0_000000000000000$70$8TOP$925033$aORPH$bORPH$cKTS0$d2020-07-08$eKoopman$i45B14$l0$oTOP DE 0$p20127397$r2025-01-27 09:46:26$w2025-01-27$yBOO
=999  \\$d22463

