=LDR  01341ncm a22002537a 4500
=001  22496
=008  250210s1977\\\\|||||a||\||||\00|\0\mul\d
=041  \\$aeng$dita$eita
=100  \\$aBononcini, Antonio Maria$d1677-1726$1http://www.wikidata.org/entity/Q2359145$4cmp$921647
=245  \\$aGriselda
=260  \\$aNew York, NY$bGarland$c1977
=500  \\$aFacsimile of Berlin, Staatsbibliothek Preussischer Kulturbesitz Mus.ms.2185
=534  \\$aPremiered at the Teatro Regio Ducal, Milan, on 26 December 1718
=600  \0$aGriselda$1http://www.wikidata.org/entity/Q1547053$939668
=610  \0$aStaatsbibliothek zu Berlin (Germany)$1http://www.wikidata.org/entity/Q170109$91572
=610  \0$aTeatro Regio Ducal (Milan, Italy)$1http://www.wikidata.org/entity/Q3277167$924822
=648  \0$a18th Century (1701-1800)$1http://www.wikidata.org/entity/Q7015$920899
=650  \0$aOpera seria$1http://www.wikidata.org/entity/Q210675$925224
=650  \0$aManuscript$1http://www.wikidata.org/entity/Q87167$92275
=651  \0$aMilan (Italy)$1http://www.wikidata.org/entity/Q490$9271
=700  \\$aZeno, Apostolo$d1668-1750$1http://www.wikidata.org/entity/Q349507$4lbt$921502
=942  \\$cSCO
=952  \\$00$10$2ddc$40$6SCO_BONO3$70$8SCO$925488$aORPH$bORPH$d2020-07-08$eKoopman$i13D03$l0$oSCO BONO3$p20126141$r2025-02-10 08:43:46$w2025-02-10$ySCO
=999  \\$d22496

