=LDR  01398nam a22002537i 4500
=001  22504
=008  050701r17841979gw\||||||\\\\|||||\cger||
=041  \7$ager
=100  \\$aHiller, Johann Adam$d1728-1804$1http://www.wikidata.org/entity/Q432299$4aut$95155
=245  10$aLebensbeschreibungen berühmter Musikgelehrten und Tonkünstler, neuerer Zeit.$bErster Theil
=260  \\$aLeipzig$bim Verlage der Dykischen Buchhandlung$c1784
=260  \\$aLeipzig$bPeters$c1979
=300  \\$axvi-320 pages
=520  \\$aAdlung - Bach - Benda - Bümler - Fasch - Gebel - Graun - Händel - Heinichen - Hertel - Hesse - Jomelli - Pisendel - Quantz - Salimbeni - Schröter - Stölzel - Tartini - Hiller
=648  \0$a18th Century (1701-1800)$1http://www.wikidata.org/entity/Q7015$920899
=650  \0$aBiography$1http://www.wikidata.org/entity/Q36279$91927
=650  \0$aComposer$1http://www.wikidata.org/entity/Q36834$93625
=650  \0$aInstrumentalist$1http://www.wikidata.org/entity/Q1278335$921706
=650  \0$aMusic theorist$1http://www.wikidata.org/entity/Q16031530$92202
=650  \0$aCastrato$1http://www.wikidata.org/entity/Q210970$92704
=651  \0$aGermany$1http://www.wikidata.org/entity/Q183$9155
=942  \\$cBOO
=952  \\$00$10$2ddc$40$6TOP_DE_5_000000000000000$70$8TOP$925497$aORPH$bORPH$cKTS0$d2020-07-08$eKoopman$i13A19$l0$oTOP DE 5$p20126048$r2025-02-12 16:55:43$w2025-02-12$yBOO
=999  \\$d22504

