=LDR  01460nam a22002537a 4500
=001  22522
=008  250217s1966\\\\|||gh|||\c|||\00|\0\eng\d
=020  \\$a486216888
=041  \\$aeng$ager
=100  \\$aBrook, Barry S.$d1918-1997$1http://www.wikidata.org/entity/Q4864703$4edt$99910
=245  \\$aThe Breitkopf Thematic Catalogue,$bThe Six Parts and Sixteen Supplements 1762-1787
=260  \\$aNew York$bDover$c1966
=300  \\$a888-81 pages$bfacsimiles, with incipits
=500  \\$aThe Breitkopf Catalogue was the first printed thematic catalogue of music. Its 888 pages contain almost 15.000 incipits. A total of over 1000 different composers are represented. 
=590  \\$aEdited and with an Introduction and Indexes by Barry S. Brook
=610  \0$aBreitkopf & Härtel (Leipzig and Wiesbaden, Germany)$1http://www.wikidata.org/entity/Q634246$91230
=648  \0$a18th Century (1701-1800)$1http://www.wikidata.org/entity/Q7015$920899
=650  \0$aMusic printing$1http://www.wikidata.org/entity/Q64416036$94007
=650  \0$aMusic publishing company$1http://www.wikidata.org/entity/Q1917775$927716
=650  \0$aMusic history$1http://www.wikidata.org/entity/Q846047$921373
=651  \0$aLeipzig (Germany)$1http://www.wikidata.org/entity/Q2079$945
=942  \\$cBOO
=952  \\$00$10$2ddc$40$6BIB_4_000000000000000_DE_BREI$70$8BIB$925514$aORPH$bORPH$cKTS0$d2020-07-08$eKoopman$i13A45$l0$oBIB4 DE BREI$p20126070$r2025-02-17 15:38:32$w2025-02-17$yBOO
=999  \\$d22522

