=LDR  01575nam a22002657a 4500
=001  22535
=008  250219r19731816|||h||||\c|||\00|\0\mul\d
=020  \\$a9060272625
=041  \\$aeng$ager
=245  \\$aCatalogue of the Music Library of Daniel Gottlob Türk, $bsold in Halle, 13 January 1817
=260  \\$aAmsterdam$bKnuf$c1973
=300  \\$a[vi]-72 pages
=490  \\$aAuction catalogues of music$v3
=534  \\$aVerzeichniss der musikalischen und andern Bücher, so wie auch der gedruckten und geschriebenen Musikalien des seligen Professor der Musik und Universitäts-Musikdirektor Dr. Türk, welche in Halle an der Saale den 13. Januar 1817 und folgende Tage [...] versteigert werden sollen. $cHalle, 1816
=590  \\$aWith an introduction by A. Hyatt King. Reproduced from the copy in the British Museum (pressmark Hirsch IV.1093).
=600  \0$aTürk, Daniel Gottlob$d1750-1813$1http://www.wikidata.org/entity/Q216090$95445
=648  \0$a18th Century (1701-1800)$1http://www.wikidata.org/entity/Q7015$920899
=648  \0$a19th Century (1801-1900)$1http://www.wikidata.org/entity/Q6955$920935
=650  \0$aAuction$1http://www.wikidata.org/entity/Q177923$93849
=650  \0$aLibrary$1http://www.wikidata.org/entity/Q7075$94229
=650  \0$aMusic history$1http://www.wikidata.org/entity/Q846047$921373
=700  \\$aKing, A. Hyatt$d1911-1995$4edt$913716
=942  \\$cBOO
=952  \\$00$10$2ddc$40$6BIB_4_000000000000000_DE_TURK$70$8BIB$925529$aORPH$bORPH$cKTS0$d2020-07-08$eKoopman$i14C57$l0$oBIB4 DE TURK$p20126155$r2025-02-19 11:52:45$w2025-02-19$yBOO
=999  \\$d22535

