=LDR  01308nam a22002297a 4500
=001  22536
=008  250219r19731715|||c||||\||||\00|\mdmul\d
=041  \\$ager$alat$afre
=100  \\$aLehms, Georg Christian$d1684-1717$1http://www.wikidata.org/entity/Q324462$4aut$98628
=245  \\$aDeutschlands Galante Poetinnen Mit ihren sinnreichen und netten Proben;$bNebst einem Anhang Ausländischer Dames, So sich gleichfalls durch Schöne Poesien Bey der curieusen Welt bekannt gemacht, und einer Vorrede. Daß das Weibliche Geschlecht so geschickt zum Studieren, als das Männliche
=260  \\$aFrankfurt$bHocker$c1715
=300  \\$a[131]-288-332 pages
=505  \\$gFacsimile edition
=648  \0$a18th Century (1701-1800)$1http://www.wikidata.org/entity/Q7015$920899
=650  \0$aPoetry$1http://www.wikidata.org/entity/Q482$93026
=650  \0$aCultural history$1http://www.wikidata.org/entity/Q858517$922395
=650  \0$aFemale$1http://www.wikidata.org/entity/Q6581072$921764
=651  \0$aGermany$1http://www.wikidata.org/entity/Q183$9155
=856  \\$uhttps://www.digitale-sammlungen.de/en/details/bsb10113647
=942  \\$cBOO
=952  \\$00$10$2ddc$40$6TOP_DE_5_000000000000000$70$8TOP$925530$aORPH$bORPH$cKTS0$d2020-07-08$eKoopman$i13K12$l0$oTOP DE 5$p20127115$r2025-02-19 12:19:51$w2025-02-19$yBOO
=999  \\$d22536

