=LDR  01126nam a22002177a 4500
=001  22620
=005  20251003085500.0
=008  250318s1986\\\\|||a||||\c|||\00|\0|ger\d
=041  \\$ager
=245  \\$aDuisburg zur Zeit Johann Sebastian Bachs.$bMusikleben am Niederrhein 1650-1750
=300  \\$a82 pages
=590  \\$aBegleitheft zur Ausstellung im Niederrheinischen Museum der Stadt Duisburg 24. Mai - 22. Juni 1986
=648  \0$a17th Century (1601-1700)$1http://www.wikidata.org/entity/Q7016$920923
=648  \0$a18th Century (1701-1800)$1http://www.wikidata.org/entity/Q7015$920899
=650  \0$aMusic history$1http://www.wikidata.org/entity/Q846047$921373
=650  \0$aCatalogue$1http://www.wikidata.org/entity/Q2352616$1http://www.wikidata.org/entity/Q6941730$921484
=650  \0$aExhibition$1http://www.wikidata.org/entity/Q464980$925353
=651  \0$aDuisburg (Germany)$1http://www.wikidata.org/entity/Q2100$939928
=942  \\$cBOO
=952  \\$00$10$2ddc$40$6TOP_DE_DUI_5_000000000000000$70$8TOP$926557$aORPH$bORPH$cKTS0$d2020-07-08$eKoopman$i30F25$l0$oTOP DE.DUI 5$p20123305$r2025-03-18 15:46:11$w2025-03-18$yBOO
=999  \\$d22620

