=LDR  01432ncm a22002657a 4500
=001  22645
=008  250325n\\\\\\\\|||||a||\||||\00|\0\lat\d
=041  \\$alat
=059  \\$a3v bc
=100  \\$aLully, Jean-Baptiste$d1632-1687$1http://www.wikidata.org/entity/Q1192$4cmp$95867
=245  \\$aMottets de feu Mr. de Lully
=300  \\$a[viii]-63 pages
=500  \\$aFacsimile edition of Paris, Bibl.nationale, Département de la Musique, Rés. F. 668
=648  \0$a17th Century (1601-1700)$1http://www.wikidata.org/entity/Q7016$920923
=650  \0$aMotet$1http://www.wikidata.org/entity/Q188285$92028
=650  \0$aChurch music$1http://www.wikidata.org/entity/Q8812109$1http://www.wikidata.org/entity/Q1065742$92283
=650  \0$aCounter-Reformation$1http://www.wikidata.org/entity/Q128168$92151
=650  \0$aCatholicism$1http://www.wikidata.org/entity/Q1841$921631
=650  \0$aVocal music$1http://www.wikidata.org/entity/Q685884$93319
=651  \0$aVersailles (France)$1http://www.wikidata.org/entity/Q621$920957
=700  \\$aMassip, Catherine$1http://www.wikidata.org/entity/Q2941994$4win$919701
=942  \\$cSCO
=952  \\$00$10$2ddc$40$6SCO_LULL$70$8SCO$926588$aORPH$bORPH$cKTS1_P$d2020-07-08$eKoopman$i13F46$l0$oSCO LULL$p20124352$r2025-03-25 10:00:35$w2025-03-25$ySCO
=952  \\$00$10$2ddc$40$6SCO_LULL$70$8SCO$926589$aORPH$bORPH$cKTS1_P$d2020-07-08$l0$oSCO LULL$p20144153$r2025-03-25 10:01:35$w2025-03-25$ySCO
=999  \\$d22645

