=LDR  01149nam a22002297a 4500
=001  22671
=008  250416s1985\\\\||||||||\c|||\00|\0\spa\d
=020  \\$a8450510724
=041  \\$aspa
=100  \\$aAlvarez Pérez, José María$4aut$940073
=245  \\$aCatalogo y estudio del archivo musical de la Catedral de Astorga
=260  \\$aCuenca$bInstituto de Musica Religiosa de la Diputacion Provincial Cuenca$c1985
=300  \\$a226 pages
=610  \0$aCatedral de Astorga$1http://www.wikidata.org/entity/Q2942496$940074
=648  \0$a18th Century (1701-1800)$1http://www.wikidata.org/entity/Q7015$920899
=648  \0$a19th Century (1801-1900)$1http://www.wikidata.org/entity/Q6955$920935
=650  \0$aChurch music$1http://www.wikidata.org/entity/Q8812109$1http://www.wikidata.org/entity/Q1065742$92283
=650  \0$aLibrary$1http://www.wikidata.org/entity/Q7075$94229
=651  \0$aAstorga (Spain)$1http://www.wikidata.org/entity/Q465078$940075
=942  \\$cBOO
=952  \\$00$10$2ddc$40$6BIB_4_000000000000000_ES_AST$70$8BIB$926621$aORPH$bORPH$cKTS0$d2020-07-08$eKoopman$i18D61$l0$oBIB4 ES.AST$p20125013$r2025-04-16 15:01:23$w2025-04-16$yBOO
=999  \\$d22671

