=LDR  01558nam a22002417a 4500
=001  22678
=008  250429m19891992|||\||||\||||\00|\0\ger\d
=100  \\$aBuchmann, Lutz$d1948-$1http://www.wikidata.org/entity/Q18857383$4aut$4col$4cmm$940103
=245  \\$aDie musikalischen Nachrichten der "Magdeburgisch-Privilegierten Zeitung"$bI: 1717-1719 und 1740/41 , II: 1742-1744
=260  \\$aMichaelstein/Blankenburg$bThom$c1989 & 1992
=300  \\$a2 vols. ([vi]-87+[vi]-57 pages)
=490  \\$aMichaelstein - Dokumentationen, Reprints$vNr.22 I-II
=610  20$aStiftung Kloster Michaelstein (Germany)$1http://www.wikidata.org/entity/Q1441940$926321
=610  \0$aMagdeburgische Zeitung$1http://www.wikidata.org/entity/Q1451804$940104
=648  \0$a18th Century (1701-1800)$1http://www.wikidata.org/entity/Q7015$920899
=650  \0$aMusic history$1http://www.wikidata.org/entity/Q846047$921373
=650  \0$aJournalism$1http://www.wikidata.org/entity/Q11030$921960
=651  \0$aMagdeburg (Germany)$1http://www.wikidata.org/entity/Q1733$923271
=700  \\$aThom, Eitelfriedrich$1http://www.wikidata.org/entity/Q1321214$4edt$920417
=942  \\$cBOO
=952  \\$00$10$2ddc$3vol.1$40$6TOP_DE_MAG_5_000000000000000$70$8TOP$926631$aORPH$bORPH$cKTS0$d2020-07-08$eKoopman$iTS Michst Dok 22 I$l0$oTOP DE.MAG 5$p20144191$r2025-04-29 12:43:17$w2025-04-29$yBOO
=952  \\$00$10$2ddc$3vol.2$40$6TOP_DE_MAG_5_000000000000000$70$8TOP$926632$aORPH$bORPH$cKTS0$d2020-07-08$eKoopman$iTS Michst Dok 22 II$l0$oTOP DE.MAG 5$p20144190$r2025-04-29 12:44:30$w2025-04-29$yBOO
=999  \\$d22678

