=LDR  02447nam a22002777a 4500
=001  22687
=005  20250925143312.0
=008  250430s1985\\\\|||oab||\||||\00|\0\ger\d
=041  \\$ager
=245  \\$aDie wiederhergestellte Ludgerikirche zu Norden
=246  \1$aFestschrift zur Wiedereinweihung der restaurierten Ludgerikirche mit Arp-Schnitger-Orgel $bam 3. Advent, dem 15. Dezember 1985
=260  \\$aNorden$bEv.-Luth. Kirchengemeinde Norden$c1985
=300  \\$a176 pages
=500  \\$aThe organ of St. Ludgeri in Norden was built from 1686 to 1692 by Arp Schnitger. It has 46 stops, five divisions, three manuals and pedal, and is thus the second-largest surviving Schnitger organ in Germany (after that of the St. James' Church, Hamburg) and until 2018 the largest organ in East Frisia. Historically and musically it is considered an art-work of international rank.
=500  \\$aThe long phase of restorations in the 20th century began in 1927. After war-related dismantling of the organ for safe-keeping (1943), then re-erection (in 1945 / 1948), and then various restoration works carried out by Paul Ott in 1948 and 1957-1959, its tonal and technical state had become highly unsatisfactory. Even the pipe-work had not escaped interference, due to the lowered wind pressure. 
=500  \\$aIt was not until the restoration by Jürgen Ahrend, carried out from 1981 to 1985 in accordance with strict monument preservation standards and planned by the church musician and organologist Reinhard Ruge who worked at the Ludgerikirche, that the old splendour of the organ's sound would once again be revealed fully. In particular, his reconstruction of the Principals and reed stops is considered masterful. 
=600  \0$aSchnitger, Arp$d1648-1719$1http://www.wikidata.org/entity/Q60787$910906
=610  \0$aLudgeri Church Norden (Germany)$1http://www.wikidata.org/entity/Q1873869$940124
=648  \0$a20th Century (1901-2000)$1http://www.wikidata.org/entity/Q6927$920936
=650  \0$aChurch$1http://www.wikidata.org/entity/Q16970$93776
=650  \0$aOrgan$1http://www.wikidata.org/entity/Q1444$92810
=650  \0$aArchitecture$1http://www.wikidata.org/entity/Q12271$93185
=651  \0$aNorden (Germany)$1http://www.wikidata.org/entity/Q492366$940123
=942  \\$cBOO
=952  \\$00$10$2ddc$40$6TOP_DE_NOR$70$8TOP$926640$aORPH$bORPH$cKTS0$d2020-07-08$eKoopman$i24E45$l0$oTOP DE.NOR$p20125912$r2025-04-30 12:04:19$w2025-04-30$yBOO
=999  \\$d22687

