=LDR  01576nam a22002657a 4500
=001  22807
=005  20251003085500.0
=008  250507r19831743|||h||||\||||\00|\0\ger\d
=041  \\$ager
=100  \\$aThom, Eitelfriedrich$1http://www.wikidata.org/entity/Q1321214$4edt$920417
=245  \\$aConcert Stube des Zerbster Schlosses.$bInventarverzeichnis aufgestellt in März 1743
=260  \\$aMichaelstein$bKultur- und Forderungsstätte Michaelstein$c1983
=300  \\$a[33] pages
=500  \\$aFacsimile reprint of "Facharchiv Zerbst, F 109 Nr. 6, Bl. I r" from Staatsarchiv Magdeburg, on the occasion of 225 years death of J.Fr. Fasch, who was Kapelmeister at court in Zerbst 1722-1758
=600  \0$aFasch, Johann Friedrich$d1688-1758$1http://www.wikidata.org/entity/Q77236$913257
=600  \0$aTelemann, Georg Philipp$d1681-1767$1http://www.wikidata.org/entity/Q75854$99287
=648  \0$a18th Century (1701-1800)$1http://www.wikidata.org/entity/Q7015$920899
=650  \0$aCatalogue$1http://www.wikidata.org/entity/Q2352616$1http://www.wikidata.org/entity/Q6941730$921484
=650  \0$aManuscript$1http://www.wikidata.org/entity/Q87167$92275
=650  \0$aCappella$1http://www.wikidata.org/entity/Q19902156$922910
=650  \0$aMusic history$1http://www.wikidata.org/entity/Q846047$921373
=651  \0$aZerbst (Germany)$1http://www.wikidata.org/entity/Q155981$923424
=942  \\$cBOO
=952  \\$00$10$2ddc$40$6TOP_DE_ZER_5_000000000000000$70$8TOP$926671$aORPH$bORPH$cKTS0$d2020-07-08$eKoopman$i13B18$l0$oTOP DE.ZER 5$p20124494$r2025-05-07 12:42:09$w2025-05-07$yBOO
=999  \\$d22807

