=LDR  01245ncm a2200265 c 4500
=001  22826
=005  20250926134607.0
=008  940227s1992\\\\xx\||l|\\||||||||\|\ger\d
=041  0\$ager
=100  \\$aBach, Johann Christoph$d1642-1703$1http://www.wikidata.org/entity/Q57829$4arr$924329
=245  10$aAria Eberliniana$bpro dormente Camillo variata (1690)
=250  \\$afacs. ed.
=260  \\$aLeipzig$bNeue Bachgesellschaft$c1992
=300  \\$a23 pages
=490  0\$aVeröffentlichung der Neuen Bachgesellschaft e.V.
=590  \\$aFaksimile der Handschrift im Bachhaus Eisenach
=650  \0$aKeyboard music$1http://www.wikidata.org/entity/Q105715630$921412
=650  \0$aHarpsichord$1http://www.wikidata.org/entity/Q81982$92125
=650  \0$aTheme and variations$1http://www.wikidata.org/entity/Q763324$92038
=651  \0$aGermany$1http://www.wikidata.org/entity/Q183$9155
=700  \\$aEberlin, Daniel$d1647-c. 1715$1http://www.wikidata.org/entity/Q323786$4cmp$922313
=700  \\$aOefner, Claus$1http://www.wikidata.org/entity/Q1340254$4aft$913044
=942  \\$cSCO
=952  \\$00$10$2ddc$40$6SCO_S_BACH3$70$8SCO$926682$aORPH$bORPH$cKTS1_H$d2020-07-08$eKoopman$i14B40$l0$oSCO S BACH3$p20124602$r2025-05-13 14:29:23$w2025-05-13$ySCO
=999  \\$d22826

