=LDR  00863ncm a22001937i 4500
=001  22830
=008  090420r19871710fr\mu\\|||\\\\\\\\\\mul|c
=041  \7$afre$aeng$ager
=100  \\$aLa Barre, Michel de$dc. 1675-1745$1http://www.wikidata.org/entity/Q1399777$4aut$95172
=240  10$aSuites, flauto, basso continuo, libro 1
=245  10$aPremier livre de pièces pour la flute traversière avec la basse continue
=250  \\$afacs. ed.
=260  \\$aCourlay$bFuzeau$c1987
=300  \\$a21-49 pages
=650  \0$aFlute$1http://www.wikidata.org/entity/Q11405$1http://www.wikidata.org/entity/Q209554$921276
=650  \0$aBasso continuo$1http://www.wikidata.org/entity/Q724321$921065
=942  \\$cSCO
=952  \\$00$10$2ddc$40$6SCO_S_BARR$70$8SCO$926686$aORPH$bORPH$cKTS1_H$d2020-07-08$eKoopman$i14B07$l0$oSCO S BARR$p20124644$r2025-05-13 16:17:20$w2025-05-13$ySCO
=999  \\$d22830

