=LDR  01389ncm a22002417a 4500
=001  22834
=008  250520r20131729|||||l||\||||\00|\0\dut\d
=020  \\$a9789082051001
=041  \\$adut
=100  \\$aBlankenburg, Quirinus van$d1654-1739$1http://www.wikidata.org/entity/Q3258957$4cmp$95596
=245  \\$aClavicimbal- en orgelboek der gereformeerde psalmen en kerkzangen
=250  \\$afacs. ed.
=260  \\$aGorssel$bErve$c2013
=300  \\$ax-59 pages
=500  \\$aQuirinus van Blankenburg (1654-1739) wrote his psalter around 1725. With his arrangements, he aimed to modernise the old psalm melodies to the tonality of the Italian basso-continuo style predominant in his time. It remains partly unclear why not this manuscript but a musically less pioneering and simpler version was published in 1732.
=650  \0$aChurch music$1http://www.wikidata.org/entity/Q8812109$1http://www.wikidata.org/entity/Q1065742$92283
=650  \0$aHarpsichord$1http://www.wikidata.org/entity/Q81982$92125
=650  \0$aOrgan$1http://www.wikidata.org/entity/Q1444$92810
=650  \0$aProtestantism$1http://www.wikidata.org/entity/Q23540$921012
=650  \0$aPsalter$1http://www.wikidata.org/entity/Q956165$925348
=942  \\$cSCO
=952  \\$00$10$2ddc$40$6SCO_S_BLAN$70$8SCO$926698$aORPH$bORPH$cKTS1_H$d2020-07-08$eKoopman$i14B55$l0$oSCO S BLAN$p20124587$r2025-05-20 12:04:52$w2025-05-20$ySCO
=999  \\$d22834

