=LDR  01335ncm a22002657i 4500
=001  22835
=008  850625r19831626it\mua\|||\\\\\\\\\\ita|c
=041  \7$aita
=245  00$aAlcune opere di diversi auttori :$ba diverse voci : passaggiate principalmente per la viola bastarda, ma anco per ogni forte di stromenti e di voci
=250  \\$afacs. ed.
=260  \\$aFlorence$bStudio per edizioni Scelte$c1983
=300  \\$a80-[14] pages$boblong
=500  \\$aSelected works by various composers for various voices, written mainly for the viola bastarda.
=650  \0$aViola bastarda$940238
=650  \0$aLyra viol$1http://www.wikidata.org/entity/Q3560362$94365
=700  1\$aBonizzi, Vincenzo$d-1630$4edt$940234
=700  1\$aDurante, Elio$4win$940235
=700  1\$aMartellotti, Anna$4win$940236
=700  \\$aRore, Cipriano de$d1515/16-1565$1http://www.wikidata.org/entity/Q316074$4cmp$918024
=700  \\$aStriggio, Alessandro$d1540-1592$1http://www.wikidata.org/entity/Q1377115$4cmp$923245
=700  \\$aCrecquillon, Thomas$d1500s-1557$4cmp$910329
=700  1\$aWillaert, Adriaan$d1490?-1562$1http://www.wikidata.org/entity/Q312615$4cmp$920990
=942  \\$cSCO
=952  \\$00$10$2ddc$40$6SCO_S_BONI$70$8SCO$926699$aORPH$bORPH$cKTS1_H$d2020-07-08$eKoopman$i13G32$l0$oSCO S BONI$p20124918$r2025-05-20 12:27:36$w2025-05-20$ySCO
=999  \\$d22835

