=LDR  01366ncm a22002657a 4500
=001  22841
=008  250522r19971706|||||le|\||||\00|\0\mul\d
=020  \\$a9068531182
=041  \\$afre$aeng
=100  1\$aBingham, George$4cmp$4col$940239
=240  \\$a(170) Airs Anglois Choisis & mis en ordre ou composés par George Bingham
=245  \\$a40 airs Anglois & une chacconne :$bà un Dessus & une Basse
=250  \\$afacs. ed.
=260  \\$aPeer$bAlamire$c1997
=300  \\$a2 vols. (20+20 pages)$b2+2 folded pages
=490  \\$aBrussels Royal Conservatory of Music Series$v8
=648  \0$a17th Century (1601-1700)$1http://www.wikidata.org/entity/Q7016$920923
=648  \0$a18th Century (1701-1800)$1http://www.wikidata.org/entity/Q7015$920899
=650  \0$aAir$1http://www.wikidata.org/entity/Q406714$924073
=650  \0$aFlute$1http://www.wikidata.org/entity/Q11405$1http://www.wikidata.org/entity/Q209554$921276
=650  \0$aBasso continuo$1http://www.wikidata.org/entity/Q724321$921065
=942  \\$cSCO
=952  \\$00$10$2ddc$3Fluto$40$6SCO_S_BING$70$8SCO$926708$aORPH$bORPH$cKTS1_H$d2020-07-08$eKoopman$i13I19_04$l0$oSCO S BING$p20126389$r2025-05-22 11:43:48$w2025-05-22$ySCO
=952  \\$00$10$2ddc$3Basso$40$6SCO_S_BING$70$8SCO$926709$aORPH$bORPH$cKTS1_H$d2020-07-08$eKoopman$i13I19_04$l0$oSCO S BING$p20126390$r2025-05-22 11:43:48$w2025-05-22$ySCO
=999  \\$d22841

