=LDR  01317ccm a22002411a 4500
=001  22843
=008  250522s1981\\\\enkmoa\\\z\\\\\n\\\\lat\\
=020  \\$a0852493657
=040  \\$aOI
=041  1\$aeng$dlat
=100  \\$aByrd, William$d1539/40-1623$1http://www.wikidata.org/entity/Q208375$4cmp$910065
=245  10$aCantiones sacrae II (1591)
=260  \\$aLondon$bStainer & Bell$aNew York$bGalaxy Music Corp.$c1981
=300  \\$axxv-277 pages
=490  \\$aThe Byrd edition$v3
=520  \\$aThe Liber Secundus Sacrarum Cantionum appeared in November 1591, and was printed, like its predecessor, by Thomas East. Biblical and liturgical sources provided texts for its 21 motets, most of them sombre in tone. The noted scholar Joseph Kerman has observed that in these pieces, Byrd may have been voicing ‘prayers, exhortations and protests on behalf of the English Roman Catholic community’.
=648  \0$a16th Century (1501-1600)$1http://www.wikidata.org/entity/Q7017$920944
=650  \0$aMotet$1http://www.wikidata.org/entity/Q188285$92028
=700  \\$aBrown, Alan$d1941-$910071$4edt
=700  \\$aBrett, Philip$910069$4edt
=942  \\$cSCO
=952  \\$00$10$2ddc$40$6SCO_S_BYRD$70$8SCO$926711$aORPH$bORPH$cKTS1_H$d2020-07-08$eKoopman$iW1347$l0$oSCO S BYRD$p20121796$r2025-05-22 14:48:02$w2025-05-22$ySCO
=999  \\$d22843

