=LDR  01316ccm a22002531a 4500
=001  22846
=008  250522s1984\\\\enkmoa\\\z\\\\\n\\\\lat\\
=020  \\$a0852493703
=040  \\$aOI
=041  1\$aeng$dlat
=100  \\$aByrd, William$d1539/40-1623$1http://www.wikidata.org/entity/Q208375$4cmp$910065
=245  10$aLatin Motets I
=260  \\$aLondon$bStainer & Bell$aNew York$bGalaxy Music Corp.$c1984
=300  \\$axviii-223 pages
=490  \\$aThe Byrd edition$v8
=520  \\$aThis volume is devoted to Byrd’s Latin sacred works which have survived only in manuscript sources. Its contents range from those motets such as Alleluya. Confitemini Domino judged to be among the composer’s earliest, to works of the 1560s – Ad Dominum cum tribularer for example – and two later cantus firmus respond motets that may also be dated to this period.
=590  \\$afrom manuscript sources
=648  \0$a16th Century (1501-1600)$1http://www.wikidata.org/entity/Q7017$920944
=650  \0$aMotet$1http://www.wikidata.org/entity/Q188285$92028
=700  \\$aEdwards, Warwick$940241$4edt
=700  \\$aBrett, Philip$910069$4edt
=942  \\$cSCO
=952  \\$00$10$2ddc$40$6SCO_S_BYRD$70$8SCO$926714$aORPH$bORPH$cKTS1_H$d2020-07-08$eKoopman$iW1347$l0$oSCO S BYRD$p20121794$r2025-05-22 16:06:46$w2025-05-22$ySCO
=999  \\$d22846

