=LDR  01495ccm a22002651a 4500
=001  22847
=008  250522s1987\\\\enkmoa\\\z\\\\\n\\\\eng\\
=020  \\$a0852493762
=040  \\$aOI
=041  1\$aeng
=100  \\$aByrd, William$d1539/40-1623$1http://www.wikidata.org/entity/Q208375$4cmp$910065
=245  10$aPsalms, Songs, and Sonnets (1611)
=260  \\$aLondon$bStainer & Bell$aNew York$bGalaxy Music Corp.$c1987
=300  \\$axxv-189 pages
=490  \\$aThe Byrd edition$v14
=520  \\$aByrd himself described his last publication, Psalmes, Songs and Sonnets of 1611 as his ultimum vale. Nonetheless, some of the music was written earlier, and compiled or adapted to complete this collection of 32 pieces in three, four, five and six parts. Five of the 3-part pieces are settings of texts from the first English emblem book, Geoffrey Whitney’s A Choice of Emblems of 1586. Facsimiles of the relevant pages from Whitney are included.
=648  \0$a17th Century (1601-1700)$1http://www.wikidata.org/entity/Q7016$920923
=650  \0$aSong$1http://www.wikidata.org/entity/Q7366$94164
=650  \0$aPsalm$1http://www.wikidata.org/entity/Q12497663$92164
=650  \0$aPoetry$1http://www.wikidata.org/entity/Q482$93026
=700  \\$aMorehen, John$917107$4edt
=700  \\$aBrett, Philip$910069$4edt
=942  \\$cSCO
=952  \\$00$10$2ddc$40$6SCO_S_BYRD$70$8SCO$926715$aORPH$bORPH$cKTS1_H$d2020-07-08$eKoopman$iW1347$l0$oSCO S BYRD$p20121790$r2025-05-22 16:11:20$w2025-05-22$ySCO
=999  \\$d22847

