=LDR  01463ccm a22002651a 4500
=001  22848
=008  250522s1976\\\\enkmoa\\\z\\\\\n\\\\eng\\
=020  \\$a0852493517
=040  \\$aOI
=041  1\$aeng
=100  \\$aByrd, William$d1539/40-1623$1http://www.wikidata.org/entity/Q208375$4cmp$910065
=245  10$aMadrigals, Songs and Canons
=260  \\$aLondon$bStainer & Bell$aNew York$bGalaxy Music Corp.$c1976
=300  \\$axi-200 pages
=490  \\$aThe Byrd edition$v16
=520  \\$aOf madrigals and partsongs, Volume 16 of the Byrd Edition contains the six items not included in the printed sets of 1588, 1589 and 1611 (distinguished by the lack of obligatory instrumental accompaniments); of the consort songs, the original versions of consort songs that were subsequently arranged as madrigals; and of canons and rounds, the two that can without doubt be attributed to the composer.
=590  \\$aedited from manuscript and printed sources
=648  \0$a16th Century (1501-1600)$1http://www.wikidata.org/entity/Q7017$920944
=650  \0$aSong$1http://www.wikidata.org/entity/Q7366$94164
=650  \0$aMadrigal$1http://www.wikidata.org/entity/Q193217$921649
=650  \0$aCanon$1http://www.wikidata.org/entity/Q53831$92130
=700  \\$aBrett, Philip$910069$4edt
=942  \\$cSCO
=952  \\$00$10$2ddc$40$6SCO_S_BYRD$70$8SCO$926716$aORPH$bORPH$cKTS1_H$d2020-07-08$eKoopman$iW1347$l0$oSCO S BYRD$p20121789$r2025-05-22 16:17:27$w2025-05-22$ySCO
=999  \\$d22848

