=LDR  01118ncm a22002297a 4500
=001  22849
=008  250522r19981661|||||l||\||||\00|\0\ger\d
=024  \\$aM700032944
=041  \\$ager
=100  \\$aBöddecker, Philipp Friedrich$d1607-1683$1http://www.wikidata.org/entity/Q98297$4cmp$926280
=245  \\$aTrauer-Klang und Trost-Gesang
=250  \\$afacs. ed.
=260  \\$aStuttgart$bCornetto$c1998
=300  \\$a[8] pages
=490  \\$aFaksimile-Edition Rara$v6
=500  \\$aThis facsimile edition was produced after the only surviving copy Sign.Ee 636 of the Staatsbibliothek zu Berlin-Preussischer Kulturbesitz, Musikabteilung mit Mendelssohn-Archiv’. Original version published in Stuttgart 1661.
=648  \0$a17th Century (1601-1700)$1http://www.wikidata.org/entity/Q7016$920923
=650  \0$aSong$1http://www.wikidata.org/entity/Q7366$94164
=651  \0$aStuttgart (Germany)$1http://www.wikidata.org/entity/Q1022$921909
=942  \\$cSCO
=952  \\$00$10$2ddc$40$6SCO_S_BODD$70$8SCO$926717$aORPH$bORPH$cKTS1_H$d2020-07-08$eKoopman$i13I04$l0$oSCO S BODD$p20126408$r2025-05-22 16:47:58$w2025-05-22$ySCO
=999  \\$d22849

