=LDR  01015ncm a22002057i 4500
=001  22850
=008  240517s1968\\\\gw\mua||||\\\\\\\\\\ger|c
=041  \7$ager
=059  \\$asop bass ch 2vn 2viol vlne/bn bc
=100  \\$aBuxtehude, Dietrich$d1637-1707$1http://www.wikidata.org/entity/Q153637$4cmp$910062
=245  10$aFürwahr, er Trug unsere Krankheit:$bKantate für Sopran, Baß, fünfstimmigen Chor, zwei Violinen, zwei Violen da gamba, Violone (Fagott) und Basso continuo
=260  \\$aKassel$bBärenreiter$c1986
=300  \\$a[28] pages
=590  \\$aFaksimile nach dem Autograph
=648  \0$a17th Century (1601-1700)$1http://www.wikidata.org/entity/Q7016$920923
=650  \0$aCantata$1http://www.wikidata.org/entity/Q174873$921603
=700  \\$aGrusnick, Bruno$d1900-1992$1http://www.wikidata.org/entity/Q102125$4edt$914925
=942  \\$cSCO
=952  \\$00$10$2ddc$40$6SCO_S_BUXT$70$8SCO$926718$aORPH$bORPH$cKTS1_H$d2020-07-08$eKoopman$i14031$l0$oSCO S BUXT$p20124660$r2025-05-22 16:59:51$w2025-05-22$ySCO
=999  \\$d22850

