=LDR  01113ncm a2200229 ia4500
=001  22853
=008  910930s1983\\\\it\||l|||\\\\|||||\|ita|c
=041  \7$aita
=059  \\$avv bc
=100  \\$aCarissimi, Giacomo$d1605-1674$1http://www.wikidata.org/entity/Q312686$4cmp$910544
=245  10$aCantate :$ba una, due e tre voci$n2 vols.
=250  \\$afacs. ed.
=260  \\$aFlorence$bStudio per edizioni Scelte$c1983
=300  \\$aiii-204 folios
=648  \0$a17th Century (1601-1700)$1http://www.wikidata.org/entity/Q7016$920923
=650  \0$aCantata$1http://www.wikidata.org/entity/Q174873$921603
=650  \0$aVocal music$1http://www.wikidata.org/entity/Q685884$93319
=650  \0$aBasso continuo$1http://www.wikidata.org/entity/Q724321$921065
=942  \\$cSCO
=952  \\$00$10$2ddc$3vol. I$40$6SCO_S_CARI$70$8SCO$926722$aORPH$bORPH$cKTS1_H$d2020-07-08$eKoopman$i14C19$l0$oSCO S CARI$p20126213$r2025-05-26 16:14:01$w2025-05-26$ySCO
=952  \\$00$10$2ddc$3vol. II$40$6SCO_S_CARI$70$8SCO$926723$aORPH$bORPH$cKTS1_H$d2020-07-08$eKoopman$i14C19$l0$oSCO S CARI$p20126212$r2025-05-26 16:14:01$w2025-05-26$ySCO
=999  \\$d22853

