=LDR  00981ncm a2200229 c 4500
=001  22855
=008  930421s19731607xx\\\\\\\||||\00|||\eng\d
=020  \\$a0859671283
=041  0\$aeng
=100  \\$aCampion, Thomas$d1567-1620$1http://www.wikidata.org/entity/Q455618$4aut$910089
=245  10$aThe Masque at Lord Hay's Marriage
=250  \\$afacs. ed.
=260  \\$aMenston, Yorkshire$aLondon$bScolar press$c1973
=300  \\$a[46] pages
=648  \0$a17th Century (1601-1700)$1http://www.wikidata.org/entity/Q7016$920923
=650  \0$aMasque$1http://www.wikidata.org/entity/Q2207959$923174
=650  \0$aMusic theater$1http://www.wikidata.org/entity/Q96394452$92065
=651  \0$aLondon (United Kingdom)$1http://www.wikidata.org/entity/Q84$9123
=700  \\$aHolman, Peter$d1946-$4win$911649
=942  \\$cSCO
=952  \\$00$10$2ddc$40$6SCO_S_CAMP1$70$8SCO$926725$aORPH$bORPH$cKTS1_H$d2020-07-08$eKoopman$i14C41$l0$oSCO S CAMP1$p20126175$r2025-05-27 11:16:41$w2025-05-27$ySCO
=999  \\$d22855

