=LDR  01138ncm a2200265 c 4500
=001  22862
=008  910612r19861610xx\||lf\\||||||||\|\mulod
=020  \\$a9068530151
=041  \\$adut$aeng$dfre
=100  \\$aCastro, Jean de$dc. 1540-c. 1600$1http://www.wikidata.org/entity/Q3175340$4cmp$924636
=240  10$aSonets, chansons, livre 1
=245  10$aSonets, chansons à deux parties
=250  \\$afacs. ed.
=260  \\$aPeer$bMusica$c1986
=300  \\$a3 vols. ([10]+[30]+[30] pages)$bin cardboard box
=500  \\$aIntroduction and vocal parts (superius & tenor)
=534  \\$cAntwerp: Phalèse, 1610
=648  \0$a17th Century (1601-1700)$1http://www.wikidata.org/entity/Q7016$920923
=650  \0$aSong$1http://www.wikidata.org/entity/Q7366$94164
=650  \0$aPoetry$1http://www.wikidata.org/entity/Q482$93026
=651  \0$aAntwerp (Belgium)$1http://www.wikidata.org/entity/Q12892$920974
=700  1\$aVereertbrugghen, Liesbet$4win$940269
=942  \\$cSCO
=952  \\$00$10$2ddc$40$6SCO_S_CAST1$70$8SCO$926735$aORPH$bORPH$cKTS1_H$d2020-07-08$eKoopman$i13J04$l0$oSCO S CAST1$p20127103$r2025-05-27 14:47:36$w2025-05-27$ySCO
=999  \\$d22862

