=LDR  01103ncm a2200253 cb4500
=001  22863
=008  010423r20001658xx\||ld\\||||||||\|\ger\d
=024  2\$aM501001330
=028  52$aCORN-10-1-0219
=041  \\$ager
=059  \\$avv bc
=100  1\$aCapricornus, Samuel$d1628-1665$1http://www.wikidata.org/entity/Q669942$4cmp$926633
=245  10$aGeistliche Concerten
=260  \\$aStuttgart$bCornetto$c2000
=300  \\$a4 vols. ([31]+[30]+[27]+[24] pages)$bbound in cardboard cover
=490  \\$aFaksimile-Edition Capricornus$v11
=500  \\$aFor 3 voices and basso continuo
=648  \0$a17th Century (1601-1700)$1http://www.wikidata.org/entity/Q7016$920923
=650  \0$aVocal music$1http://www.wikidata.org/entity/Q685884$93319
=650  \0$aChurch music$1http://www.wikidata.org/entity/Q8812109$1http://www.wikidata.org/entity/Q1065742$92283
=651  \0$aGermany$1http://www.wikidata.org/entity/Q183$9155
=942  \\$cSCO
=952  \\$00$10$2ddc$40$6SCO_S_CAPR$70$8SCO$926736$aORPH$bORPH$cKTS1_H$d2020-07-08$eKoopman$i13I09$l0$oSCO S CAPR$p20126403$r2025-05-27 15:29:14$w2025-05-27$ySCO
=999  \\$d22863

