=LDR  01067ncm a22002417i 4500
=001  22864
=005  20251008112542.0
=008  120322s1968\\\\is\mu\\|||\\\\\\\\\\mul|c
=041  \7$afre$aeng$aheb
=100  \\$aCasseres, Abraham$4aut$940270
=245  10$aHishki hizki:$c"a tre voce con stromenti ad libitum"
=260  \\$aTel Aviv$bIsrael music publications$c1968
=300  \\$a11 pages
=490  \\$aOeuvres du répertoire de la communauté portugaise d'Amsterdam
=490  \\$aEarly Hebrew art music
=648  \0$a18th Century (1701-1800)$1http://www.wikidata.org/entity/Q7015$920899
=650  \0$aVocal music$1http://www.wikidata.org/entity/Q685884$93319
=650  \0$aBasso continuo$1http://www.wikidata.org/entity/Q724321$921065
=700  \\$aAdler, Israel$d1925-2009$1http://www.wikidata.org/entity/Q358179$4edt$99044
=700  \\$aAboab, Isaak da Fonseca$4aut$940271
=942  \\$cSCO
=952  \\$00$10$2ddc$40$6SCO_S_CASS1$70$8SCO$926737$aORPH$bORPH$cKTS1_H$d2020-07-08$eKoopman$iW458-5$l0$oSCO S CASS1$p20121670$r2025-05-27 16:29:52$w2025-05-27$ySCO
=999  \\$d22864

