=LDR  01774nam a22002897a 4500
=001  22866
=005  20251003085327.0
=008  250603q1751\\\\||||||||\c\||\00|\0\fre\d
=041  \\$afre
=100  \\$aLe  Clerc, Jean-Pantaléon$d1693-176.?$4edt$940295
=245  \\$aCatalogue de Musique Tant Françoise qu'Italiene
=260  \\$aParis$bLe Clerc
=300  \\$a145 pages$bfolded photocopies bound as a book
=500  \\$aThis is a bound photocopy of the copy in the Thüringische Landesbibliothek Weimar. 
It contains some 18th century written additions and some 20th century notes in pencil. 
=500  \\$aA bookseller's catalog, categorised by genre (operas, keyboard music, chamber music, sonatas, etc.) being a list of all printed music by Jean-Pantaléon Le Clerc, a violinist who ran a music printing business from Rue du Roule, à la Croix d'Or in Paris between about 1730 and 1760. 
=500  \\$aThis catalogue is not dated, BNF gives 1751.
=561  \\$aexlibris Musikwissenschaftliches Seminar der Universität Erlangen (stamp)
=590  \\$aMis en orde [sic] par Mr. Le Clerc lainé, se vend a Paris Rue du Roule à la Croix d'Or
=648  \0$a18th Century (1701-1800)$1http://www.wikidata.org/entity/Q7015$920899
=650  \0$aMusic publishing company$1http://www.wikidata.org/entity/Q1917775$927716
=650  \0$aBook sales catalogue$939736
=650  \0$aPublishing$1http://www.wikidata.org/entity/Q3972943$93049
=651  \0$aParis (France)$1http://www.wikidata.org/entity/Q90$9160
=856  \\$uhttps://bibnum.institutdefrance.fr/ark:/61562/mz3436
=942  \\$cBOO
=952  \\$00$10$2ddc$40$6BIB_4_000000000000000_FR_5$70$8BIB$926740$aORPH$bORPH$cKTS0$d2020-07-08$eKoopman$i13I27$l0$oBIB4 FR 5$p20126440$r2025-06-03 11:41:07$w2025-06-03$yBOO
=999  \\$d22866

