=LDR  01095ncm a2200241 cb4500
=001  22871
=008  940309r19901711xx\||l|\\||||||||\|\engod
=041  \\$aeng
=100  \\$aClarke, Jeremiah $d1674-1707$1http://www.wikidata.org/entity/Q440020$4cmp$922250
=245  10$aChoice Lessons for the Harpsichord or Spinett
=250  \\$afacs. ed.
=260  \\$aNew York$bPerformers' Facs.$cca. 1990
=300  \\$a36 pages$coblong
=490  \\$aPerformers' Facsimiles$v92
=500  \\$aReprint of the edition published in London, 1711.
=648  \0$a18th Century (1701-1800)$1http://www.wikidata.org/entity/Q7015$920899
=650  \0$aMusic education$1http://www.wikidata.org/entity/Q27908$921766
=650  \0$aHarpsichord$1http://www.wikidata.org/entity/Q81982$92125
=650  \0$aSpinet$1http://www.wikidata.org/entity/Q623941$924515
=651  \0$aLondon (United Kingdom)$1http://www.wikidata.org/entity/Q84$9123
=942  \\$cSCO
=952  \\$00$10$2ddc$40$6SCO_S_CLAR$70$8SCO$926746$aORPH$bORPH$cKTS1_H$d2020-07-08$eKoopman$i13I20$l0$oSCO S CLAR$p20126388$r2025-06-05 15:08:58$w2025-06-05$ySCO
=999  \\$d22871

