=LDR  01137ncm a2200253 i 4500
=001  22873
=008  950325r19821729it\mule|||\\\\\\\\\\fre|c
=041  \\$afre
=059  \\$afl vn bc
=100  1\$aChéron, André$d1695-1766$4cmp$940326
=245  10$aSonates en duo et en trio pour la flûte traversière et le violon avec la basse
=250  \\$afacs. ed.
=260  \\$aFlorence$bStudio per Edizioni Scelte$c1982
=300  \\$a3 vols. (11+11+37 pages)
=534  \\$cParis: Boivin-Leclec, 1729
=650  \0$aSonata$1http://www.wikidata.org/entity/Q131269$921653
=650  \0$aDuet$1http://www.wikidata.org/entity/Q109940$92394
=650  \0$aTrio sonata$1http://www.wikidata.org/entity/Q903425$921654
=650  \0$aFlute$1http://www.wikidata.org/entity/Q11405$1http://www.wikidata.org/entity/Q209554$921276
=650  \0$aViolin$1http://www.wikidata.org/entity/Q8355$92783
=650  \0$aBasso continuo$1http://www.wikidata.org/entity/Q724321$921065
=942  \\$cSCO
=952  \\$00$10$2ddc$40$6SCO_S_CHER$70$8SCO$926748$aORPH$bORPH$cKTS1_H$d2020-07-08$eKoopman$i14K11$l0$oSCO S CHER$p20124868$r2025-06-05 16:21:47$w2025-06-05$ySCO
=999  \\$d22873

