=LDR  00960ncm a2200229zc 4500
=001  22877
=005  20251023162209.0
=008  140411s19861690fr\||l|\\||||||||\|\fre\d
=041  \\$afre
=100  \\$aCouperin, François$d1668-1733$1http://www.wikidata.org/entity/Q50186$4cmp$96241
=245  10$aPièces d'orgue I :$bMesse a l'usage de paroisses
=250  \\$afacs. ed.
=260  \\$aCourlay$bFuzeau$c1986
=300  \\$a21-37 pages$coblong
=490  \\$aLa musique française classique de 1650 à 1800
=648  \0$a17th Century (1601-1700)$1http://www.wikidata.org/entity/Q7016$920923
=650  \0$aOrgan music$1http://www.wikidata.org/entity/Q116958279$91951
=650  \0$aMass$1http://www.wikidata.org/entity/Q217295$92735
=700  \\$aSaint-Arroman, Jean$4edt$918782
=942  \\$cSCO
=952  \\$00$10$2ddc$40$6SCO_S_COUP$70$8SCO$926752$aORPH$bORPH$cKTS1_H$d2020-07-08$eKoopman$i14B09$l0$oSCO S COUP$p20124642$r2025-06-06 14:35:39$w2025-06-06$ySCO
=999  \\$d22877

