=LDR  00962ncm a2200217zc 4500
=001  22878
=008  250606s19861690fr\||l|\\||||||||\|\fre\d
=041  \\$afre
=100  \\$aCouperin, François$d1668-1733$1http://www.wikidata.org/entity/Q50186$4cmp$96241
=245  10$aPièces d'orgue II :$bMesse propre pour les couvents de religieux et religieuses
=250  \\$afacs. ed.
=260  \\$aCourlay$bFuzeau$c1986
=300  \\$a20-37 pages$coblong
=490  \\$aLa musique Française classique de 1650 à 1800
=648  \0$a17th Century (1601-1700)$1http://www.wikidata.org/entity/Q7016$920923
=650  \0$aOrgan music$1http://www.wikidata.org/entity/Q116958279$91951
=650  \0$aMass$1http://www.wikidata.org/entity/Q217295$92735
=700  \\$aSaint-Arroman, Jean$4edt$918782
=942  \\$cSCO
=952  \\$00$10$2ddc$40$6SCO_S_COUP$70$8SCO$926753$aORPH$bORPH$cKTS1_H$d2020-07-08$eKoopman$i14B08$l0$oSCO S COUP$p20124643$r2025-06-06 14:39:06$w2025-06-06$ySCO
=999  \\$d22878

