=LDR  01025nam a22002177a 4500
=001  22892
=008  250611s1900\\\\|||\||||\||||\001\0\fre\d
=041  \\$afre
=100  \\$aBrenet, Michel$d1858-1918$1http://www.wikidata.org/entity/Q4939701$4aut$99881
=245  \\$aLe Concert en France sous l'Ancien Régime
=260  \\$aParis$bFischbacher$c1900
=300  \\$a407 pages
=648  \0$a18th Century (1701-1800)$1http://www.wikidata.org/entity/Q7015$920899
=648  \0$a17th Century (1601-1700)$1http://www.wikidata.org/entity/Q7016$920923
=648  \0$aRenaissance (1400-1600)$1http://www.wikidata.org/entity/Q4692$920965
=650  \0$aConcert$1http://www.wikidata.org/entity/Q182832$921044
=650  \0$aMusic history$1http://www.wikidata.org/entity/Q846047$921373
=651  \0$aFrance$1http://www.wikidata.org/entity/Q142$9131
=942  \\$cBOO
=952  \\$00$10$2ddc$40$6TOP_FR_5_000000000000000$70$8TOP$926768$aORPH$bORPH$cKTS0$d2020-07-08$eKoopman$i13B6$l0$oTOP FR 5$p20124506$r2025-06-11 09:43:48$w2025-06-11$yBOO
=999  \\$d22892

