=LDR  02255nam a22003377a 4500
=001  22893
=008  250611s1984\\\\||||||||\||||\00|\0\mul\d
=041  \\$afre$aeng
=100  \\$aLesure, François$1http://www.wikidata.org/entity/Q2426092$4edt$4win$917727
=245  \\$aQuerelle des Gluckistes et des Piccinistes.$bTexte des pamphlets avec introduction, commentaires et index
=260  \\$aGeneva$bMinkoff$c1984
=300  \\$a2 vols. ([xxviii]-491-[4]+629-[2] pages)
=500  \\$aFacsimile of the editions of Paris, Lausanne, Geneva, Berlin, Amsterdam and London, 1781, 1774-1779, 1783;
=505  \\$gTome I: Gluck/Mémoires pour servir a l'histoire de la Révolution opérée dans la musique 1781
=505  \\$gTome II: lettres, réponses, écrits, réflexions & entretiens 1774-1783 by Larcher, De Vismes Saint Alphonse, Du Roullet, La Salle, Le Suire, Nougaret, Coquéau, Bemetzrieder, Leblond, Barthélemy & Ginguené
=610  \0$aOpéra (Paris, France)$1http://www.wikidata.org/entity/Q283339$920898
=648  \0$a18th Century (1701-1800)$1http://www.wikidata.org/entity/Q7015$920899
=650  \0$aQuerelle des Gluckistes et des Piccinnistes$1http://www.wikidata.org/entity/Q3414230$939401
=650  \0$aMusic history$1http://www.wikidata.org/entity/Q846047$921373
=650  \0$aOpera$1http://www.wikidata.org/entity/Q1344 $92468
=650  \0$aComposer$1http://www.wikidata.org/entity/Q36834$93625
=650  \0$aItalian$1http://www.wikidata.org/entity/Q652$924225
=650  \0$aFrench$1http://www.wikidata.org/entity/Q150$923117
=650  \0$aMusic criticism$1http://www.wikidata.org/entity/Q11748889$921598
=650  \0$aQuarrel$1http://www.wikidata.org/entity/Q2357965$922897
=651  \0$aFrance$1http://www.wikidata.org/entity/Q142$9131
=700  \\$aGluck, Christoph Willibald$d1714-1787$1http://www.wikidata.org/entity/Q130759$4aut$96111
=942  \\$cBOO
=952  \\$00$10$2ddc$3vol.1$40$6TOP_FR_5_000000000000000$70$8TOP$926769$aORPH$bORPH$cKTS0$d2020-07-08$eKoopman$i13B35$l0$oTOP FR 5$p20124477$r2025-06-11 10:10:07$w2025-06-11$yBOO
=952  \\$00$10$2ddc$3vol.2$40$6TOP_FR_5_000000000000000$70$8TOP$926770$aORPH$bORPH$cKTS0$d2020-07-08$eKoopman$i13B36$l0$oTOP FR 5$p20124476$r2025-06-11 10:10:40$w2025-06-11$yBOO
=999  \\$d22893

