=LDR  01955ncm a2200301 cb4500
=001  22895
=008  920116r19891681xx\||ld\\||||||||\|\freod
=020  \\$a9068530445
=041  \\$afre
=100  \\$aDumont, Henry$d1610-1684$1http://www.wikidata.org/entity/Q1364326$4cmp$95323
=245  10$aMotets à II. III. et IV. parties pour voix et instruments avec la basse-continue
=250  \\$afacs. ed.
=260  \\$aPeer$bMusica-Alamire$c1989
=300  \\$a5 vols. (8-[92]+[92]+[52]+[68]+[86] pages)
=490  \\$aFacsimile series for musicians and scholars$v9
=534  \\$cParis: Christoph Ballard, 1681
=648  \0$a17th Century (1601-1700)$1http://www.wikidata.org/entity/Q7016$920923
=650  \0$aMotet$1http://www.wikidata.org/entity/Q188285$92028
=650  \0$aSymphony$1http://www.wikidata.org/entity/Q9734$92527
=651  \0$aParis (France)$1http://www.wikidata.org/entity/Q90$9160
=700  1\$aQuitin, José$4win
=942  \\$cSCO
=952  \\$00$10$2ddc$3Dessus & dessus de viol$40$6SCO_S_DUMO$70$8SCO$926772$aORPH$bORPH$cKTS1_H$d2020-07-08$eKoopman$i14C38$l0$oSCO S DUMO$p20126182$r2025-06-12 11:29:22$w2025-06-12$ySCO
=952  \\$00$10$2ddc$3Haute contre, dessus de viol$40$6SCO_S_DUMO$70$8SCO$926773$aORPH$bORPH$cKTS1_H$d2020-07-08$eKoopman$i14C38$l0$oSCO S DUMO$p20126181$r2025-06-12 11:29:22$w2025-06-12$ySCO
=952  \\$00$10$2ddc$3Taille, et les parties adjoustees pour le dessus de viol: et le basson$40$6SCO_S_DUMO$70$8SCO$926774$aORPH$bORPH$cKTS1_H$d2020-07-08$eKoopman$i14C38$l0$oSCO S DUMO$p20126180$r2025-06-12 11:29:22$w2025-06-12$ySCO
=952  \\$00$10$2ddc$3Basse, et recits de voix seule$40$6SCO_S_DUMO$70$8SCO$926775$aORPH$bORPH$cKTS1_H$d2020-07-08$eKoopman$i14C38$l0$oSCO S DUMO$p20126179$r2025-06-12 11:29:22$w2025-06-12$ySCO
=952  \\$00$10$2ddc$3Basse-continue$40$6SCO_S_DUMO$70$8SCO$926776$aORPH$bORPH$cKTS1_H$d2020-07-08$eKoopman$i14C38$l0$oSCO S DUMO$p20126178$r2025-06-12 11:29:22$w2025-06-12$ySCO
=999  \\$d22895

