=LDR  01048ncm a2200253 ca4500
=001  22896
=008  900725r19861568\\\\\lf\\||||\00|||\mul\d
=020  \\$a906853016X
=041  \\$adut$aeng$dfre
=059  \\$avv
=100  \\$aFaignient, Noé$dc. 1540-c. 1595$4aut$923601
=245  10$aChansons, madrigales & motetz :$bà 4, 5 & 6 parties
=250  \\$afacs. ed.
=260  \\$aPeer$bAlamire$c1986
=300  \\$a6 vols. ([14]+46+46+47+45+[20] pages)
=534  \\$cAntwerp: Jean Laet, 1568
=648  \0$a16th Century (1501-1600)$1http://www.wikidata.org/entity/Q7017$920944
=650  \0$aSong$1http://www.wikidata.org/entity/Q7366$94164
=650  \0$aMadrigal$1http://www.wikidata.org/entity/Q193217$921649
=650  \0$aMotet$1http://www.wikidata.org/entity/Q188285$92028
=700  \\$aSchreurs, Eugeen$1http://www.wikidata.org/entity/Q112392908$4win$915924
=942  \\$cSCO
=952  \\$00$10$2ddc$40$6SCO_S_FAIG$70$8SCO$926777$aORPH$bORPH$cKTS1_H$d2020-07-08$eKoopman$i13J08$l0$oSCO S FAIG$p20127099$r2025-06-12 13:22:07$w2025-06-12$ySCO
=999  \\$d22896

