=LDR  00800ncm a2200205 cb4500
=001  22897
=008  871110s19781764xx\||a|\\||||||||\|\fre\d
=041  \\$afre
=100  1\$aFeyzeau, J.$4cmp$940364
=245  10$aPièces de clavecin en sonates, oeuvre première
=250  \\$afacs. ed.
=260  \\$aParis$bU.C.P.$c1978
=300  \\$a24 pages
=490  \\$aCollection des sources musicales$v11
=648  \0$a18th Century (1701-1800)$1http://www.wikidata.org/entity/Q7015$920899
=650  \0$aHarpsichord$1http://www.wikidata.org/entity/Q81982$92125
=650  \0$aSonata$1http://www.wikidata.org/entity/Q131269$921653
=942  \\$cSCO
=952  \\$00$10$2ddc$40$6SCO_S_FEYZ$70$8SCO$926778$aORPH$bORPH$cKTS1_H$d2020-07-08$eKoopman$i14C03$l0$oSCO S FEYZ$p20126222$r2025-06-12 15:38:48$w2025-06-12$ySCO
=999  \\$d22897

