=LDR  00917ncm a2200217 cb4500
=001  22898
=008  871110r19781734xx\||a|\\||||||||\|\fre\d
=041  \\$afre
=100  1\$aFévrier, Pierre$d1696-1760$4cmp$940365
=245  10$aPièces de clavecin
=250  \\$afacs. ed.
=260  \\$aParis$bU.C.P.$c1978
=300  \\$a40 pages
=490  \\$aCollection des sources musicales$v12
=590  \\$aplusieurs de ces pièces peuvent aussy séxécuter sur les autres instruments les plus en usage ; premier livre
=648  \0$a18th Century (1701-1800)$1http://www.wikidata.org/entity/Q7015$920899
=650  \0$aHarpsichord$1http://www.wikidata.org/entity/Q81982$92125
=651  \0$aParis (France)$1http://www.wikidata.org/entity/Q90$9160
=942  \\$cSCO
=952  \\$00$10$2ddc$40$6SCO_S_FEVR$70$8SCO$926779$aORPH$bORPH$cKTS1_H$d2020-07-08$eKoopman$i14C04$l0$oSCO S FEVR$p20126221$r2025-06-12 15:49:16$w2025-06-12$ySCO
=999  \\$d22898

