=LDR  00867ncm a2200217 cb4500
=001  22899
=008  100729s2006\\\\xx\||a|\\||||||||\|\fre\d
=024  \\$aM501006243
=041  \\$afre$ager
=100  \\$aFroberger, Johann Jacob$d1616-1667$1http://www.wikidata.org/entity/Q60724$4cmp$914063
=245  10$a10 Suittes de Clavessin
=250  \\$afacs. ed.
=260  \\$aStuttgart$bCornetto$c2006
=300  \\$a38 pages
=490  \\$aFaksimile-Edition Krakau$v6
=648  \0$a17th Century (1601-1700)$1http://www.wikidata.org/entity/Q7016$920923
=650  \0$aHarpsichord$1http://www.wikidata.org/entity/Q81982$92125
=650  \0$aSuite$1http://www.wikidata.org/entity/Q203005$921718
=942  \\$cSCO
=952  \\$00$10$2ddc$40$6SCO_S_FROB2$70$8SCO$926780$aORPH$bORPH$cKTS1_H$d2020-07-08$eKoopman$i14B56$l0$oSCO S FROB2$p20124586$r2025-06-12 16:04:52$w2025-06-12$ySCO
=999  \\$d22899

