=LDR  01987ncm a2200325 c 4500
=001  22903
=008  920903r19871648xx\||le\\||||||||\|\dut\d
=020  \\$a9068530259
=041  \\$adut
=245  \\$aXX konincklycke fantasien en noch IX fantasien:$b3 fioolen de gamba
=246  \\$aTwintig konincklycke fantasien, om op 3 fioolen de gamba en ander speel-tuigh te gebruycken en noch IX fantasien, om met 3 fioolen de gamba en ander speel-tuigh te gebruycken
=250  \\$afacs. ed.
=260  \\$aPeer$bMusica$c1987
=300  \\$a3 vols. (11-[56]+[54]+[46]pages)
=534  \\$cAmsterdam: Matthysz, 1648
=648  \0$a17th Century (1601-1700)$1http://www.wikidata.org/entity/Q7016$920923
=650  \0$aFantasia$1http://www.wikidata.org/entity/Q836571$921930
=650  \0$aViol$1http://www.wikidata.org/entity/Q40125$94621
=700  \\$aLupo, Thomas$d1571-1627$1http://www.wikidata.org/entity/Q353855$4cmp$924834
=700  \\$aCoperario, John$dc. 1570-1626$1http://www.wikidata.org/entity/Q676541$4cmp$910193
=700  \\$aDaman, Guillaume$1http://www.wikidata.org/entity/Q2578408$4cmp$927591
=700  \\$aGibbons, Orlando$d1583-1625$1http://www.wikidata.org/entity/Q311913$4cmp$911403
=700  \\$aRasch, Rudolf$d1945-$1http://www.wikidata.org/entity/Q112427566$4win$913439
=700  \\$aSchreurs, Eugeen$1http://www.wikidata.org/entity/Q112392908$4edt$915924
=700  1\$aSanders, Martine$4edt$940371
=942  \\$cSCO
=952  \\$00$10$2ddc$3Hooghste Geluit$40$6SCO_S_GIBB$70$8SCO$926784$aORPH$bORPH$cKTS1_H$d2020-07-08$eKoopman$i14A17$l0$oSCO S GIBB$p20124565$r2025-06-13 15:24:22$w2025-06-13$ySCO
=952  \\$00$10$2ddc$3Middelste Geluit$40$6SCO_S_GIBB$70$8SCO$926785$aORPH$bORPH$cKTS1_H$d2020-07-08$eKoopman$i14A17$l0$oSCO S GIBB$p20124566$r2025-06-13 15:24:22$w2025-06-13$ySCO
=952  \\$00$10$2ddc$3Laeghste Geluit$40$6SCO_S_GIBB$70$8SCO$926786$aORPH$bORPH$cKTS1_H$d2020-07-08$eKoopman$i14A17$l0$oSCO S GIBB$p20124567$r2025-06-13 15:24:22$w2025-06-13$ySCO
=999  \\$d22903

