=LDR  00966ncm a2200241 cb4500
=001  22905
=008  930622r19781646xx\||a|\\||||||||\|\ita\d
=041  \\$aita
=049  \\$aDE-12$aDE-W89$aDE-M29
=084  \\$a9,2$2ssgn
=100  1\$aGranata, Giovanni Battista$4cmp$940373
=245  10$aCapricci armonici :$csopra la Chittarriglia Spagnuola
=250  \\$afacs. ed.
=260  \\$aFlorence$bStudio per edizioni Scelte$c1978
=300  \\$a[xiii]-72 pages$coblong
=490  \\$aArchivum musicum / Collana di testi rari$v2
=534  \\$cBologna: Monti, 1646
=648  \0$a17th Century (1601-1700)$1http://www.wikidata.org/entity/Q7016$920923
=650  \0$aGuitar$1http://www.wikidata.org/entity/Q6607$921152
=650  \0$aCapriccio$1http://www.wikidata.org/entity/Q876812$921722
=942  \\$cSCO
=952  \\$00$10$2ddc$40$6SCO_S_GRAN2$70$8SCO$926788$aORPH$bORPH$cKTS1_H$d2020-07-08$eKoopman$i14B25$l0$oSCO S GRAN2$p20124617$r2025-06-13 16:26:10$w2025-06-13$ySCO
=999  \\$d22905

