=LDR  00857aam a2200181   4500
=001  22910
=005  20250925143312.0
=008  250624s1935\\\||||||||\||||\00|\0\eng\d
=041  \\$aeng
=100  \\$aGoossens, Eugène$d1867-1958$1http://www.wikidata.org/entity/Q721925$940446$4ard
=245  \\$aThirty-first music festival at Cincinnati.$bOfficial programme
=260  \\$aCincinnati, OH$bFestival Association$c1935
=648  \0$a20th Century (1901-2000)$1http://www.wikidata.org/entity/Q6927$920936
=650  \0$aFestival book$1http://www.wikidata.org/entity/Q17590416$922319
=651  \0$aCincinnati (Ohio, USA)$1http://www.wikidata.org/entity/Q43196$940445
=942  \\$cEPH
=952  \\$00$10$2ddc$40$6TOP_US_CIN_7_000000000000000$70$8TOP$926825$aORPH$bORPH$cKTS0$d2020-07-08$eKoopman$i18D45$l0$oTOP US.CIN 7$p20125028$r2025-06-24 17:17:43$w2025-06-24$yEPH
=999  \\$d22910

