=LDR  01695ncm a22002537i 4500
=001  22936
=005  20251008112542.0
=008  250702s1965\\\\is\mu\\|||\\\\\\\\\\mul|c
=041  \7$aita$afre$aeng$aheb
=059  \\$abar ch bc
=100  1\$aGrossi, Carlo$dc.1634-1688$4aut
=245  10$aCantata ebraica :$cin dialogo, voce sola e choro
=260  \\$aTel Aviv$bIsrael music publications$c1965
=300  \\$a[v]-16-[2] pages
=500  \\$aCarlo Grossi (c. 1634-1688), an Italian composer, is believed to have been the first composer to use the term "divertimento". He is also known for setting Hebrew religious texts to recitative in the style of Claudio Monteverdi, such as in this Cantata Ebraica in Dialogo, a work commissioned from Grossi (himself a Gentile) by the relatively free and well-off Jewish community of Modena. This work was likely intended for performance by an amateur choir (the choral parts are relatively simple, suggesting deliberate tailoring to the capabilities of less advanced musicians) with professional-standard operatic soloists.
=648  \0$a17th Century (1601-1700)$1http://www.wikidata.org/entity/Q7016$920923
=650  \0$aCantata$1http://www.wikidata.org/entity/Q174873$921603
=650  \0$aChoir$1http://www.wikidata.org/entity/Q131186$93338
=650  \0$aBasso continuo$1http://www.wikidata.org/entity/Q724321$921065
=651  \0$aItaly$1http://www.wikidata.org/entity/Q38$922
=700  \\$aAdler, Israel$d1925-2009$1http://www.wikidata.org/entity/Q358179$4edt$99044
=942  \\$cSCO
=952  \\$00$10$2ddc$40$6SCO_S_GROS$70$8SCO$926851$aORPH$bORPH$cKTS1_H$d2020-07-08$eKoopman$iW458-8$l0$oSCO S GROS$p20121667$r2025-07-02 09:51:36$w2025-07-02$ySCO
=999  \\$d22936

