=LDR  00913acm a2200229   4500
=001  22959
=008  250702r19801730\\\||a||\||||\00|\0\mul\d
=041  \\$aeng$ager$dita
=059  \\$avv orch
=100  \\$aHandel, George Frideric$d1685-1759$4cmp$1http://www.wikidata.org/entity/Q7302$94765
=240  \\$aHWV 27
=245  \\$aPartenope.$bAn Opera in Three Acts
=260  \\$aNew York$bKalmus$cs.d.
=300  \\$a[iii]-126 pages
=490  \\$aKalmus Miniature Score Series$v1276
=500  \\$aReprint of the (old) Handel-Ausgabe, 1879
=534  \\$aPartenope premiered in 1730
=648  \0$a18th Century (1701-1800)$1http://www.wikidata.org/entity/Q7015$920899
=650  \0$aOpera$1http://www.wikidata.org/entity/Q1344$92468
=942  \\$cSCO
=952  \\$00$10$2ddc$40$6SCO_S_HAND$70$8SCO$926873$aORPH$bORPH$cKTS1_H$d2020-07-08$eKoopman$iWG.0334$l0$oSCO S HAND$p20123852$r2025-07-02 14:54:06$w2025-07-02$ySCO
=999  \\$d22959

