=LDR  00939acm a2200229   4500
=001  22961
=008  250702r19801712\\\||a||\||||\00|\0\mul\d
=041  \\$aeng$ager$dita
=059  \\$avv orch
=100  \\$aHandel, George Frideric$d1685-1759$4cmp$1http://www.wikidata.org/entity/Q7302$94765
=240  \\$aHWV 8a
=245  \\$aIl pastor fido.$bAn Opera in Three Acts$p(First version)
=260  \\$aNew York$bKalmus$cs.d.
=300  \\$a[iii]-72 pages
=490  \\$aKalmus Miniature Score Series$v1277
=500  \\$aReprint of the (old) Handel-Ausgabe, 1879
=534  \\$aIl pastor fido premiered in 1712
=648  \0$a18th Century (1701-1800)$1http://www.wikidata.org/entity/Q7015$920899
=650  \0$aOpera$1http://www.wikidata.org/entity/Q1344$92468
=942  \\$cSCO
=952  \\$00$10$2ddc$40$6SCO_S_HAND$70$8SCO$926875$aORPH$bORPH$cKTS1_H$d2020-07-08$eKoopman$iWG.0333$l0$oSCO S HAND$p20123853$r2025-07-02 15:02:57$w2025-07-02$ySCO
=999  \\$d22961

