=LDR  00904acm a2200229   4500
=001  22982
=008  250702s1881\\\\\\\||a||\||||\00|\0\mul\d
=041  \\$aeng$dita
=059  \\$avv orch
=100  \\$aHandel, George Frideric$d1685-1759$4cmp$1http://www.wikidata.org/entity/Q7302$94765
=240  \\$aHWV 32
=245  \\$aArianna.$bAn Opera in Three Acts
=260  \\$aNew York$bKalmus$cs.d.
=300  \\$a[iii]-119 pages
=490  \\$aKalmus Miniature Score Series$v1259
=500  \\$aReprint of the (old) Handel-Ausgabe, 1881
=534  \\$aArianna premiered in 1734
=648  \0$a18th Century (1701-1800)$1http://www.wikidata.org/entity/Q7015$920899
=650  \0$aOpera$1http://www.wikidata.org/entity/Q1344$92468
=942  \\$cSCO
=952  \\$00$10$2ddc$40$6SCO_S_HAND$70$8SCO$926896$aORPH$bORPH$cKTS1_H$d2020-07-08$eKoopman$iWG.0350$l0$oSCO S HAND$p20123836$r2025-07-02 17:32:22$w2025-07-02$ySCO
=999  \\$d22982

