=LDR  00902acm a2200229   4500
=001  23017
=008  250707s1885\\\\\\\||a||\||||\00|\0\mul\d
=041  \\$aeng$dita
=059  \\$avv orch
=100  \\$aHandel, George Frideric$d1685-1759$4cmp$1http://www.wikidata.org/entity/Q7302$94765
=240  \\$aHWV 41
=245  \\$aImeneo.$bAn Opera in Three Acts
=260  \\$aNew York$bKalmus$cs.d.
=300  \\$a[iii]-112 pages
=490  \\$aKalmus Miniature Score Series$v1271
=500  \\$aReprint of the (old) Handel-Ausgabe, 1885
=534  \\$aImeneo premiered in 1740
=648  \0$a18th Century (1701-1800)$1http://www.wikidata.org/entity/Q7015$920899
=650  \0$aOpera$1http://www.wikidata.org/entity/Q1344$92468
=942  \\$cSCO
=952  \\$00$10$2ddc$40$6SCO_S_HAND$70$8SCO$926932$aORPH$bORPH$cKTS1_H$d2020-07-08$eKoopman$iWG.0339$l0$oSCO S HAND$p20123847$r2025-07-07 10:09:38$w2025-07-07$ySCO
=999  \\$d23017

