=LDR  00911acm a2200229   4500
=001  23019
=008  250707s1883\\\\\\\||a||\||||\00|\0\mul\d
=041  \\$aeng$ager$dita
=059  \\$avv orch
=100  \\$aHandel, George Frideric$d1685-1759$4cmp$1http://www.wikidata.org/entity/Q7302$94765
=240  \\$aHWV 37
=245  \\$aGiustino.$bAn Opera in Three Acts
=260  \\$aNew York$bKalmus$cs.d.
=300  \\$a[iii]-119 pages
=490  \\$aKalmus Miniature Score Series$v1270
=500  \\$aReprint of the (old) Handel-Ausgabe, 1883
=534  \\$aGiustino premiered in 1737
=648  \0$a18th Century (1701-1800)$1http://www.wikidata.org/entity/Q7015$920899
=650  \0$aOpera$1http://www.wikidata.org/entity/Q1344$92468
=942  \\$cSCO
=952  \\$00$10$2ddc$40$6SCO_S_HAND$70$8SCO$926935$aORPH$bORPH$cKTS1_H$d2020-07-08$eKoopman$iWG.0340$l0$oSCO S HAND$p20123846$r2025-07-07 10:13:18$w2025-07-07$ySCO
=999  \\$d23019

