=LDR  00912acm a2200229   4500
=001  23027
=008  250707s1874\\\\\\\||a||\||||\00|\0\mul\d
=041  \\$aeng$ager$dita
=059  \\$avv orch
=100  \\$aHandel, George Frideric$d1685-1759$4cmp$1http://www.wikidata.org/entity/Q7302$94765
=240  \\$aHWV 6
=245  \\$aAgrippina.$bAn Opera in Three Acts
=260  \\$aNew York$bKalmus$cs.d.
=300  \\$a[iii]-139 pages
=490  \\$aKalmus Miniature Score Series$v1254
=500  \\$aReprint of the (old) Handel-Ausgabe, 1874
=534  \\$aAgrippina premiered in 1709
=648  \0$a18th Century (1701-1800)$1http://www.wikidata.org/entity/Q7015$920899
=650  \0$aOpera$1http://www.wikidata.org/entity/Q1344$92468
=942  \\$cSCO
=952  \\$00$10$2ddc$40$6SCO_S_HAND$70$8SCO$926949$aORPH$bORPH$cKTS1_H$d2020-07-08$eKoopman$iWG.0355$l0$oSCO S HAND$p20123891$r2025-07-07 11:32:14$w2025-07-07$ySCO
=999  \\$d23027

