=LDR  00902acm a2200229   4500
=001  23064
=008  250707s1886\\\\\\\||a||\||||\00|\0\mul\d
=041  \\$aeng$ager
=059  \\$avv orch
=100  \\$aHandel, George Frideric$d1685-1759$4cmp$1http://www.wikidata.org/entity/Q7302$94765
=240  \\$aHWV 70
=245  \\$aJephtha.$bAn Oratorio
=260  \\$aNew York$bKalmus$cs.d.
=300  \\$axviii-[ii]-260 pages
=490  \\$aKalmus Miniature Score Series$v1312
=500  \\$aReprint of the (old) Handel-Ausgabe, 1886
=534  \\$aJephtha premiered in 1752
=648  \0$a18th Century (1701-1800)$1http://www.wikidata.org/entity/Q7015$920899
=650  \0$aOratorio$1http://www.wikidata.org/entity/Q85477$91825
=942  \\$cSCO
=952  \\$00$10$2ddc$40$6SCO_S_HAND$70$8SCO$926986$aORPH$bORPH$cKTS1_H$d2020-07-08$eKoopman$iWG.0338$l0$oSCO S HAND$p20123848$r2025-07-07 15:37:00$w2025-07-07$ySCO
=999  \\$d23064

