=LDR  01212ncm a2200277 cb4500
=001  23072
=008  970115s1993\\\\\\\||le\\||||||||\|\fre\d
=020  \\$a2905400994
=041  \\$afre
=059  \\$a2fl/2vn bc
=100  \\$aHasse, Johann Adolf$d1699-1783$1http://www.wikidata.org/entity/Q164732$4cmp$94966
=240  \\$aSonaten, Op. 1
=245  \\$aSix Sonatas or Trios for Two German Flutes or Two Violins and a Bass
=250  \\$afacs. ed.
=260  \\$aBéziers$bSociété de Musicologie de Languedoc$c1993
=300  \\$a18+16+14 pages
=490  \\$aLa flûte retrouvée$v10
=534  \\$cLondon, Walsh, No. 658
=648  \0$a18th Century (1701-1800)$1http://www.wikidata.org/entity/Q7015$920899
=650  \0$aSonata$1http://www.wikidata.org/entity/Q131269$921653
=650  \0$aFlute$1http://www.wikidata.org/entity/Q11405$1http://www.wikidata.org/entity/Q209554$921276
=650  \0$aViolin$1http://www.wikidata.org/entity/Q8355$92783
=650  \0$aBasso continuo$1http://www.wikidata.org/entity/Q724321$921065
=942  \\$cSCO
=952  \\$00$10$2ddc$40$6SCO_S_HASS2$70$8SCO$926994$aORPH$bORPH$cKTS1_H$d2020-07-08$eKoopman$i13I51$l0$oSCO S HASS2$p20126414$r2025-07-07 17:00:20$w2025-07-07$ySCO
=999  \\$d23072

