=LDR  00940ncm a2200205 c 4500
=001  23077
=008  870612s1982\\\\xx\||a|\\||||||||\|\mul\d
=041  \\$adut$afre$ager$aeng
=100  \\$avan den Kerckhoven, Abraham$d1619-1702$1http://www.wikidata.org/entity/Q330869$4cmp$919995
=245  \\$aOrgelmuziek van Abraham van den Kerckhoven e. a.
=250  \\$afacs. ed.
=260  \\$aVeurne$bDocumentatiecentrum voor Orgel$c1982
=300  \\$axxii-320 pages
=590  \\$aIn facs. uitg. naar het hs. in de Koninklijke Biliotheek te Brussel
=648  \0$a17th Century (1601-1700)$1http://www.wikidata.org/entity/Q7016$920923
=650  \0$aOrgan music$1http://www.wikidata.org/entity/Q116958279$91951
=700  \\$aSpiessens, Godelieve$d1932-2020$4win$914162
=942  \\$cSCO
=952  \\$00$10$2ddc$40$6SCO_S_VAND2$70$8SCO$926999$aORPH$bORPH$cKTS1_H$d2020-07-08$eKoopman$i14C11$l0$oSCO S VAND2$p20126211$r2025-07-07 17:55:02$w2025-07-07$ySCO
=999  \\$d23077

