=LDR  01370ncm a2200289 c 4500
=001  23281
=008  051024r20041734xx\||a|\\||||||||\|\mul\d
=020  \\$a5737902307
=041  0\$arus$afre$ager
=100  1\$aKirchhoff, Gottfried$d1685-1746$4cmp$940730
=245  \\$al'A.B.C. musical
=246  \\$aMuzykal'naja azbuka
=250  \\$afacs. ed.
=260  \\$aSt. Petersburg$bCompozitor$c2004
=300  \\$axxvii-33-65 pages
=534  \\$cAmsterdam: 1734
=590  \\$acontenant des préludes et des fugues de tous les tons ; pour l'orgue, ou le clavecin, fort utile aux disciples pour aprendre à accompagner de la basse continue et à faire des préludes et des fugues
=648  \0$a18th Century (1701-1800)$1http://www.wikidata.org/entity/Q7015$920899
=650  \0$aPrelude$1http://www.wikidata.org/entity/Q212148$921947
=650  \0$aFugue$1http://www.wikidata.org/entity/Q181014$93142
=650  \0$aBasso continuo$1http://www.wikidata.org/entity/Q724321$921065
=650  \0$aOrgan music$1http://www.wikidata.org/entity/Q116958279$91951
=650  \0$aHarpsichord$1http://www.wikidata.org/entity/Q81982$92125
=700  \\$aMilka, Anatolij Pavlovič$d1939-$4edt$4cmm$940731
=942  \\$cSCO
=952  \\$00$10$2ddc$40$6SCO_S_KIRC$70$8SCO$927204$aORPH$bORPH$cKTS1_H$d2020-07-08$eKoopman$i14G30$l0$oSCO S KIRC$p20126225$r2025-07-11 15:05:56$w2025-07-11$ySCO
=999  \\$d23281

