=LDR  01318ncm a22002777a 4500
=001  23289
=008  250711b\\\\\\\\||||||||\||||\00|\0\ger\d
=041  \\$ager
=100  \\$aKozeluch, Leopold$d1747-1818$1http://www.wikidata.org/entity/Q693843$4cmp$94782
=240  \\$aP II:1, Sinfonia concertante for mandolin, trumpet in E♭, double bass, piano and orchestra$rE flat major
=245  \\$aConcertant
=250  \\$afacs. ed.
=300  \\$a[98] pages$coblong
=500  \\$aCopy of the autograph
=534  \\$c1798
=648  \0$a18th Century (1701-1800)$1http://www.wikidata.org/entity/Q7015$920899
=650  \0$aConcerto$1http://www.wikidata.org/entity/Q9748$921817
=650  \0$aMandolin$1http://www.wikidata.org/entity/Q302497$922844
=650  \0$aTrumpet$1http://www.wikidata.org/entity/Q8338$92388
=650  \0$aDouble bass$1http://www.wikidata.org/entity/Q80019$921734
=650  \0$aPiano$1http://www.wikidata.org/entity/Q5994$1http://www.wikidata.org/entity/Q1521313$92127
=650  \0$aOrchestra$1http://www.wikidata.org/entity/Q42998$93159
=651  \0$aVienna (Austria)$1http://www.wikidata.org/entity/Q1741$920937
=942  \\$cSCO
=952  \\$00$10$2ddc$40$6SCO_S_KOZE$70$8SCO$927212$aORPH$bORPH$cKTS1_H$d2020-07-08$eKoopman$i13D24$l0$oSCO S KOZE$p20126118$r2025-07-11 15:58:46$w2025-07-11$ySCO
=999  \\$d23289

