=LDR  01504ncm a2200277 c 4500
=001  23367
=008  100417r19731700xx\||a|\\||||||||\|\ger\d
=041  0\$ager$aeng
=100  \\$aKuhnau, Johann$d1660-1722$1http://www.wikidata.org/entity/Q157359$4cmp$95086
=245  10$aMusicalische Vorstellung einiger biblischer Historien in 6 Sonaten
=250  \\$afacs. ed.
=260  \\$aLeipzig$bPeters$c1973
=300  \\$a[xi]-109-XXXII pages$coblong
=490  \\$aPeters-Reprints
=505  \\$gDer Streit zwischen David und Goliath -- Der von David vermittelst der Music curirte Saul -- Jacobs Heyrath -- Der todtkrancke und wieder gesund gesunde Hiskias -- Der Heyland Israelis, Gideon -- Jacobs Tod und Begräbniß
=648  \0$a17th Century (1601-1700)$1http://www.wikidata.org/entity/Q7016$920923
=648  \0$a18th Century (1701-1800)$1http://www.wikidata.org/entity/Q7015$920899
=650  \0$aKeyboard music$1http://www.wikidata.org/entity/Q105715630$921412
=650  \0$aSonata$1http://www.wikidata.org/entity/Q131269$921653
=650  \0$aReligion$1http://www.wikidata.org/entity/Q9174$93062
=651  \0$aLeipzig (Germany)$1http://www.wikidata.org/entity/Q2079$945
=700  \\$aReich, Wolfgang$d1927-2015$4aft$911684
=700  \\$aTalbot, Michael$d1943-$1http://www.wikidata.org/entity/Q1427144$4trl$914335
=942  \\$cSCO
=952  \\$00$10$2ddc$40$6SCO_S_KUHN1$70$8SCO$927290$aORPH$bORPH$cKTS1_H$d2020-07-08$eKoopman$i14B30$l0$oSCO S KUHN1$p20124612$r2025-07-15 13:25:58$w2025-07-15$ySCO
=999  \\$d23367

