=LDR  01497ncm a2200265 cc4500
=001  23368
=008  930924r19891752xx\||a|\\||||||||\|\fre\d
=020  \\$a2905400447
=020  \\$a2905400455
=020  \\$a2905400536
=041  \\$afre
=100  \\$aLa Garde, Pierre de$d1717-1792$1http://www.wikidata.org/entity/Q1531818$4cmp$98804
=245  \\$aOeuvres de Pierre de Lagarde$n3 vols.
=250  \\$afacs. ed.
=260  \\$aBéziers Cédex$bSociété de Musicologie de Languedoc$c1989
=300  \\$a3 vols. (21-35-19+36-37+30-29) pages
=505  \\$gVolume I. Cantates: La Musette -- Enéé et Didon -- Vénus retrouvée$gVolume II. Nouveaux airs à plusieurs voix Livres 1 et 2$gVolume III. Nouveaux airs Livre 3 et Duos Livre 4
=648  \0$a18th Century (1701-1800)$1http://www.wikidata.org/entity/Q7015$920899
=650  \0$aCantata$1http://www.wikidata.org/entity/Q174873$921603
=650  \0$aAir$1http://www.wikidata.org/entity/Q406714$924073
=942  \\$cSCO
=952  \\$00$10$2ddc$3Vol. I$40$6SCO_S_LAGA$70$8SCO$927291$aORPH$bORPH$cKTS1_H$d2020-07-08$eKoopman$i13I50$l0$oSCO S LAGA$p20126417$r2025-07-15 16:00:14$w2025-07-15$ySCO
=952  \\$00$10$2ddc$3Vol. II$40$6SCO_S_LAGA$70$8SCO$927292$aORPH$bORPH$cKTS1_H$d2020-07-08$eKoopman$i13I50$l0$oSCO S LAGA$p20126416$r2025-07-15 16:00:14$w2025-07-15$ySCO
=952  \\$00$10$2ddc$3Vol. III$40$6SCO_S_LAGA$70$8SCO$927293$aORPH$bORPH$cKTS1_H$d2020-07-08$eKoopman$i13I50$l0$oSCO S LAGA$p20126415$r2025-07-15 16:00:14$w2025-07-15$ySCO
=999  \\$d23368

