=LDR  01069ncm a2200253 cb4500
=001  23405
=008  090904r19781677\\\||a|\\||||||||\|\eng\d
=020  \\$a082402608X
=041  \\$aeng$dita
=100  \\$aLegrenzi, Giovanni$d1626-1690$1http://www.wikidata.org/entity/Q354947$4cmp$97231
=245  10$aTotila
=250  \\$afacs. ed.
=260  \\$aNew York$bGarland$c1978
=300  \\$a[iv]-98 folios
=490  \\$aItalian opera 1640-1770$v9
=500  \\$aReprod. from Venice, Biblioteca nazionale Marciana, MS It. IV, 460
=648  \0$a17th Century (1601-1700)$1http://www.wikidata.org/entity/Q7016$920923
=650  \0$aOpera$1http://www.wikidata.org/entity/Q1344 $92468
=651  \0$aItaly$1http://www.wikidata.org/entity/Q38$922
=700  1\$aNoris, Matteo$d1640-1714$4lbt$940872
=700  \\$aBrown, Howard Mayer$d1930-1993$1http://www.wikidata.org/entity/Q3787230$4edt$918996
=942  \\$cSCO
=952  \\$00$10$2ddc$40$6SCO_S_LEGR$70$8SCO$927330$aORPH$bORPH$cKTS1_H$d2020-07-08$eKoopman$i13G59$l0$oSCO S LEGR$p20124890$r2025-07-17 15:38:02$w2025-07-17$ySCO
=999  \\$d23405

