=LDR  01545ncm a22003257i 4500
=001  23408
=005  20251008112542.0
=008  120322s1965\\\\\\\mu\\|||\\\\\\\\\\mul|c
=041  \7$aeng$afre$aheb
=059  \\$amch[TTB] 2vn va bc
=100  1\$aLidarti, Christian Joseph$d1730-1793$4cmp$940873
=245  10$aNora Elohim; Hamesiach Ilemim
=260  \\$aTel Aviv$bIsrael Music Publications$c1965
=300  \\$a[4]-12 pages
=490  \\$aOeuvres du répertoire de la communauté portugaise d'Amsterdam$v4
=490  \\$aEarly Hebrew art music$v7
=500  \\$a"These works are preserved in the ms. 49 A 14 of the Etz-Haim Library in Amsterdam."
=648  \0$a18th Century (1701-1800)$1http://www.wikidata.org/entity/Q7015$920899
=650  \0$aChoir$1http://www.wikidata.org/entity/Q131186$93338
=650  \0$aTenor$1http://www.wikidata.org/entity/Q27914$923513
=650  \0$aBass$1http://www.wikidata.org/entity/Q27911$927119
=650  \0$aViolin$1http://www.wikidata.org/entity/Q8355$92783
=650  \0$aViola$1http://www.wikidata.org/entity/Q80284$921810
=650  \0$aBasso continuo$1http://www.wikidata.org/entity/Q724321$921065
=650  \0$aMusic of the Jews$1http://www.wikidata.org/entity/Q1716019$927715
=700  \\$aCasseres, Abraham$4cmp$940270
=700  \\$aAdler, Israel$d1925-2009$1http://www.wikidata.org/entity/Q358179$4edt$99044
=942  \\$cSCO
=952  \\$00$10$2ddc$40$6SCO_S_LIDA$70$8SCO$927333$aORPH$bORPH$cKTS1_H$d2020-07-08$eKoopman$iW458$l0$oSCO S LIDA$p20121671$r2025-07-18 11:05:59$w2025-07-18$ySCO
=999  \\$d23408

