=LDR  00874ncm a2200217 c 4500
=001  23413
=008  870612s1984\\\\\\\\\d|\\\\\\\\\\\|\fre\d
=041  \\$afre
=100  \\$aMallet$4cmp$940875
=245  10$aCantate patoise
=250  \\$afacs. ed.
=260  \\$aBeziers$bSociété de Musicologie de Languedoc$c1984
=300  \\$a17 pages
=500  \\$aMs. 1182, Bibl. Municipale d'Avignon
=500  \\$aUncertain who the composer "Mallet" exactly is (see publisher's note)
=648  \0$a18th Century (1701-1800)$1http://www.wikidata.org/entity/Q7015$920899
=650  \0$aCantata$1http://www.wikidata.org/entity/Q174873$921603
=651  \0$aFrance$1http://www.wikidata.org/entity/Q142$9131
=942  \\$cSCO
=952  \\$00$10$2ddc$40$6SCO_S_MALL$70$8SCO$927338$aORPH$bORPH$cKTS1_H$d2020-07-08$eKoopman$i13J21$l0$oSCO S MALL$p20124992$r2025-07-18 17:01:23$w2025-07-18$ySCO
=999  \\$d23413

