=LDR  00933ncm a2200229 cb4500
=001  23416
=008  940313r19801622\\\\\\\\\||||\00|||\ita\d
=041  0\$aita
=100  \\$aMarini, Biagio$d1594-1665$1http://www.wikidata.org/entity/Q369787$4aut$924837
=245  10$aScherzi e canzonette$ba 1, e 2 voci
=250  \\$afacs. ed.
=260  \\$aFlorence$bStudio per Edizioni Scelte$c1980
=300  \\$a44 pages
=490  \\$aArchivum musicum / La cantata barocca$v6
=534  \\$cParma, 1622
=648  \0$a17th Century (1601-1700)$1http://www.wikidata.org/entity/Q7016$920923
=650  \\$aScherzo$940876
=650  \0$aCanzonetta$1http://www.wikidata.org/entity/Q1034045$924591
=650  \0$aVocal music$1http://www.wikidata.org/entity/Q685884$93319
=942  \\$cSCO
=952  \\$00$10$2ddc$40$6SCO_S_MARI$70$8SCO$927341$aORPH$bORPH$cKTS1_H$d2020-07-08$eKoopman$i14D20$l0$oSCO S MARI$p20124671$r2025-07-22 12:35:24$w2025-07-22$ySCO
=999  \\$d23416

