=LDR  01042ncm a2200241 c 4500
=001  23417
=005  20250925143312.0
=008  990223s1966\\\\xx\||a|\\||||||||\|\dut\d
=041  \\$aita$adut
=100  1\$aMasséus, Jan$4cmp$940877
=240  10$aOp. 81
=245  10$aConcerto per pianoforte e orchestra
=246  \\$aConcerto voor piano en symfonie-orkest
=260  \\$aAmsterdam$bDonemus$cs.d.
=300  \\$a82 pages
=648  \0$a20th Century (1901-2000)$1http://www.wikidata.org/entity/Q6927$920936
=650  \0$aConcerto$1http://www.wikidata.org/entity/Q9748$921817
=650  \0$aPiano$1http://www.wikidata.org/entity/Q5994$1http://www.wikidata.org/entity/Q1521313$92127
=650  \0$aOrchestra$1http://www.wikidata.org/entity/Q42998$93159
=651  \0$aNetherlands$1http://www.wikidata.org/entity/Q55$1http://www.wikidata.org/entity/Q29999$9173
=942  \\$cSCO
=952  \\$00$10$2ddc$40$6SCO_S_MASS2$70$8SCO$927342$aORPH$bORPH$cKTS1_H$d2020-07-08$eKoopman$iW1824$l0$oSCO S MASS2$p20124308$r2025-07-22 16:02:42$w2025-07-22$ySCO
=999  \\$d23417

