=LDR  01168ncm a2200241 c 4500
=001  23418
=008  931207s1972\\\\\\\||d|\\||||||||\|\ger\d
=041  0\$ager$aeng
=100  \\$aMizler, Lorenz Christoph$d1711-1778$4cmp$921447
=245  \\$aSammlungen auserlesener moralischer Oden
=250  \\$afacs. ed.
=260  \\$aLeipzig$bVEB Deutscher Verlag für Musik$c1972
=300  \\$a116 pages
=590  \\$aFaksimile der ersten, zweiten und dritten Sammlung nach den einzigen erhaltenen Exemplaren der Original-Ausgabe
=648  \0$a18th Century (1701-1800)$1http://www.wikidata.org/entity/Q7015$920899
=650  \0$aOde$1http://www.wikidata.org/entity/Q178985$922208
=650  \0$aVocal music$1http://www.wikidata.org/entity/Q685884$93319
=650  \0$aBasso continuo$1http://www.wikidata.org/entity/Q724321$921065
=651  \0$aGermany$1http://www.wikidata.org/entity/Q183$9155
=700  \\$aPlamenac, Dragan$d1895-1983$1http://www.wikidata.org/entity/Q5304888$4edt$4aft$914765
=942  \\$cSCO
=952  \\$00$10$2ddc$40$6SCO_S_MIZL$70$8SCO$927343$aORPH$bORPH$cKTS1_H$d2020-07-08$eKoopman$i13G37$l0$oSCO S MIZL$p20124914$r2025-07-22 16:48:07$w2025-07-22$ySCO
=999  \\$d23418

