=LDR  00914ncm a2200217 cb4500
=001  23423
=008  940307r19901738\\\\\a|\\\\\\\\\\\|\freod
=041  \\$aeng$afre$dfre
=100  \\$aMouret, Jean-Joseph$d1682-1738$1http://www.wikidata.org/entity/Q960766$4cmp$96839
=245  10$aEglé.$bCantatille françoise
=250  \\$afacs. ed.
=260  \\$aNew York$bPerformers' Facsimiles$c1990
=300  \\$a[17] pages
=490  \\$aPerformers' Facsimiles$v26
=534  \\$cParis: Mouret, Boivin, Le Clerc, 1738
=648  \0$a18th Century (1701-1800)$1http://www.wikidata.org/entity/Q7015$920899
=650  \0$aCantata$1http://www.wikidata.org/entity/Q174873$921603
=651  \0$aParis (France)$1http://www.wikidata.org/entity/Q90$9160
=942  \\$cSCO
=952  \\$00$10$2ddc$40$6SCO_S_MOUR$70$8SCO$927354$aORPH$bORPH$cKTS1_H$d2020-07-08$eKoopman$i13G65$l0$oSCO S MOUR$p20124885$r2025-07-30 09:55:56$w2025-07-30$ySCO
=999  \\$d23423

