=LDR  01130ncm a22002657i 4500
=001  23427
=008  950704r19871631\\\\\md|||\\\\\\\\\\mul|c
=020  \\$a9068530240
=041  \7$afre$aeng$hdut
=100  1\$aMoy, Louys de$4cmp$940880
=240  13$aLe petit boucquet de Frise orientale
=245  13$aLe petit boucquet :$bpour toucher du luth join deux violes de gambas par-my les vois
=250  \\$afacs. ed.
=260  \\$aPeer$bMusica Alamire$c1987
=300  \\$a22-[136] pages
=648  \0$a17th Century (1601-1700)$1http://www.wikidata.org/entity/Q7016$920923
=650  \0$aLute$1http://www.wikidata.org/entity/Q180733$93944
=650  \0$aViola da gamba$1http://www.wikidata.org/entity/Q51446928$93955
=650  \0$aSong$1http://www.wikidata.org/entity/Q7366$94164
=700  1\$aSanders, Martine$4edt$940371
=700  \\$aSchreurs, Eugeen$1http://www.wikidata.org/entity/Q112392908$4edt$915924
=700  1\$aJape, Mijndert$4win$940881
=942  \\$cSCO
=952  \\$00$10$2ddc$40$6SCO_S_MOY$70$8SCO$927362$aORPH$bORPH$cKTS1_H$d2020-07-08$eKoopman$i14A16$l0$oSCO S MOY$p20124568$r2025-07-30 14:19:40$w2025-07-30$ySCO
=999  \\$d23427

